%YAML 1.1
%TAG !u! tag:unity3d.com,2011:
--- !u!29 &1
OcclusionCullingSettings:
  m_ObjectHideFlags: 0
  serializedVersion: 2
  m_OcclusionBakeSettings:
    smallestOccluder: 5
    smallestHole: 0.25
    backfaceThreshold: 100
  m_SceneGUID: 00000000000000000000000000000000
  m_OcclusionCullingData: {fileID: 0}
--- !u!104 &2
RenderSettings:
  m_ObjectHideFlags: 0
  serializedVersion: 9
  m_Fog: 0
  m_FogColor: {r: 0.5, g: 0.5, b: 0.5, a: 1}
  m_FogMode: 3
  m_FogDensity: 0.01
  m_LinearFogStart: 0
  m_LinearFogEnd: 300
  m_AmbientSkyColor: {r: 0.212, g: 0.227, b: 0.259, a: 1}
  m_AmbientEquatorColor: {r: 0.114, g: 0.125, b: 0.133, a: 1}
  m_AmbientGroundColor: {r: 0.047, g: 0.043, b: 0.035, a: 1}
  m_AmbientIntensity: 1
  m_AmbientMode: 0
  m_SubtractiveShadowColor: {r: 0.42, g: 0.478, b: 0.627, a: 1}
  m_SkyboxMaterial: {fileID: 0}
  m_HaloStrength: 0.5
  m_FlareStrength: 1
  m_FlareFadeSpeed: 3
  m_HaloTexture: {fileID: 0}
  m_SpotCookie: {fileID: 10001, guid: 0000000000000000e000000000000000, type: 0}
  m_DefaultReflectionMode: 0
  m_DefaultReflectionResolution: 128
  m_ReflectionBounces: 1
  m_ReflectionIntensity: 1
  m_CustomReflection: {fileID: 0}
  m_Sun: {fileID: 0}
  m_IndirectSpecularColor: {r: 0, g: 0, b: 0, a: 1}
  m_UseRadianceAmbientProbe: 0
--- !u!157 &3
LightmapSettings:
  m_ObjectHideFlags: 0
  serializedVersion: 11
  m_GIWorkflowMode: 1
  m_GISettings:
    serializedVersion: 2
    m_BounceScale: 1
    m_IndirectOutputScale: 1
    m_AlbedoBoost: 1
    m_EnvironmentLightingMode: 0
    m_EnableBakedLightmaps: 1
    m_EnableRealtimeLightmaps: 0
  m_LightmapEditorSettings:
    serializedVersion: 12
    m_Resolution: 2
    m_BakeResolution: 20
    m_AtlasSize: 1024
    m_AO: 0
    m_AOMaxDistance: 1
    m_CompAOExponent: 1
    m_CompAOExponentDirect: 0
    m_ExtractAmbientOcclusion: 0
    m_Padding: 2
    m_LightmapParameters: {fileID: 0}
    m_LightmapsBakeMode: 1
    m_TextureCompression: 1
    m_FinalGather: 0
    m_FinalGatherFiltering: 1
    m_FinalGatherRayCount: 256
    m_ReflectionCompression: 2
    m_MixedBakeMode: 2
    m_BakeBackend: 1
    m_PVRSampling: 1
    m_PVRDirectSampleCount: 32
    m_PVRSampleCount: 512
    m_PVRBounces: 2
    m_PVREnvironmentSampleCount: 256
    m_PVREnvironmentReferencePointCount: 2048
    m_PVRFilteringMode: 1
    m_PVRDenoiserTypeDirect: 1
    m_PVRDenoiserTypeIndirect: 1
    m_PVRDenoiserTypeAO: 1
    m_PVRFilterTypeDirect: 0
    m_PVRFilterTypeIndirect: 0
    m_PVRFilterTypeAO: 0
    m_PVREnvironmentMIS: 1
    m_PVRCulling: 1
    m_PVRFilteringGaussRadiusDirect: 1
    m_PVRFilteringGaussRadiusIndirect: 5
    m_PVRFilteringGaussRadiusAO: 2
    m_PVRFilteringAtrousPositionSigmaDirect: 0.5
    m_PVRFilteringAtrousPositionSigmaIndirect: 2
    m_PVRFilteringAtrousPositionSigmaAO: 1
    m_ExportTrainingData: 0
    m_TrainingDataDestination: TrainingData
  m_LightingDataAsset: {fileID: 112000000, guid: d2dc0767dd2ba03489be34f44ef2712e,
    type: 2}
  m_UseShadowmask: 1
--- !u!196 &4
NavMeshSettings:
  serializedVersion: 2
  m_ObjectHideFlags: 0
  m_BuildSettings:
    serializedVersion: 2
    agentTypeID: 0
    agentRadius: 0.5
    agentHeight: 2
    agentSlope: 45
    agentClimb: 0.4
    ledgeDropHeight: 0
    maxJumpAcrossDistance: 0
    minRegionArea: 2
    manualCellSize: 0
    cellSize: 0.16666667
    manualTileSize: 0
    tileSize: 256
    accuratePlacement: 0
    debug:
      m_Flags: 0
  m_NavMeshData: {fileID: 0}
--- !u!1 &14148922
GameObject:
  m_ObjectHideFlags: 0
  m_CorrespondingSourceObject: {fileID: 0}
  m_PrefabInstance: {fileID: 0}
  m_PrefabAsset: {fileID: 0}
  serializedVersion: 6
  m_Component:
  - component: {fileID: 14148923}
  - component: {fileID: 14148926}
  - component: {fileID: 14148925}
  - component: {fileID: 14148924}
  m_Layer: 9
  m_Name: LowerGround
  m_TagString: Untagged
  m_Icon: {fileID: 0}
  m_NavMeshLayer: 0
  m_StaticEditorFlags: 4294967295
  m_IsActive: 1
--- !u!4 &14148923
Transform:
  m_ObjectHideFlags: 0
  m_CorrespondingSourceObject: {fileID: 0}
  m_PrefabInstance: {fileID: 0}
  m_PrefabAsset: {fileID: 0}
  m_GameObject: {fileID: 14148922}
  m_LocalRotation: {x: -0, y: -0, z: -0, w: 1}
  m_LocalPosition: {x: 0, y: -0.5, z: 0}
  m_LocalScale: {x: 50, y: 1, z: 50}
  m_Children: []
  m_Father: {fileID: 1740410973}
  m_RootOrder: 0
  m_LocalEulerAnglesHint: {x: 0, y: 0, z: 0}
--- !u!65 &14148924
BoxCollider:
  m_ObjectHideFlags: 0
  m_CorrespondingSourceObject: {fileID: 0}
  m_PrefabInstance: {fileID: 0}
  m_PrefabAsset: {fileID: 0}
  m_GameObject: {fileID: 14148922}
  m_Material: {fileID: 0}
  m_IsTrigger: 0
  m_Enabled: 1
  serializedVersion: 2
  m_Size: {x: 1, y: 1, z: 1}
  m_Center: {x: 0, y: 0, z: 0}
--- !u!23 &14148925
MeshRenderer:
  m_ObjectHideFlags: 0
  m_CorrespondingSourceObject: {fileID: 0}
  m_PrefabInstance: {fileID: 0}
  m_PrefabAsset: {fileID: 0}
  m_GameObject: {fileID: 14148922}
  m_Enabled: 1
  m_CastShadows: 1
  m_ReceiveShadows: 1
  m_DynamicOccludee: 1
  m_MotionVectors: 1
  m_LightProbeUsage: 1
  m_ReflectionProbeUsage: 1
  m_RenderingLayerMask: 1
  m_RendererPriority: 0
  m_Materials:
  - {fileID: 2100000, guid: 0b310befb79572f42bf3abd3bc467e4d, type: 2}
  m_StaticBatchInfo:
    firstSubMesh: 0
    subMeshCount: 0
  m_StaticBatchRoot: {fileID: 0}
  m_ProbeAnchor: {fileID: 0}
  m_LightProbeVolumeOverride: {fileID: 0}
  m_ScaleInLightmap: 1
  m_ReceiveGI: 1
  m_PreserveUVs: 0
  m_IgnoreNormalsForChartDetection: 0
  m_ImportantGI: 0
  m_StitchLightmapSeams: 1
  m_SelectedEditorRenderState: 3
  m_MinimumChartSize: 4
  m_AutoUVMaxDistance: 0.5
  m_AutoUVMaxAngle: 89
  m_LightmapParameters: {fileID: 0}
  m_SortingLayerID: 0
  m_SortingLayer: 0
  m_SortingOrder: 0
--- !u!33 &14148926
MeshFilter:
  m_ObjectHideFlags: 0
  m_CorrespondingSourceObject: {fileID: 0}
  m_PrefabInstance: {fileID: 0}
  m_PrefabAsset: {fileID: 0}
  m_GameObject: {fileID: 14148922}
  m_Mesh: {fileID: 10202, guid: 0000000000000000e000000000000000, type: 0}
--- !u!1 &14688273
GameObject:
  m_ObjectHideFlags: 0
  m_CorrespondingSourceObject: {fileID: 0}
  m_PrefabInstance: {fileID: 0}
  m_PrefabAsset: {fileID: 0}
  serializedVersion: 6
  m_Component:
  - component: {fileID: 14688274}
  - component: {fileID: 14688277}
  - component: {fileID: 14688276}
  - component: {fileID: 14688275}
  m_Layer: 9
  m_Name: Wall (1)
  m_TagString: Wall
  m_Icon: {fileID: 0}
  m_NavMeshLayer: 0
  m_StaticEditorFlags: 4294967295
  m_IsActive: 1
--- !u!4 &14688274
Transform:
  m_ObjectHideFlags: 0
  m_CorrespondingSourceObject: {fileID: 0}
  m_PrefabInstance: {fileID: 0}
  m_PrefabAsset: {fileID: 0}
  m_GameObject: {fileID: 14688273}
  m_LocalRotation: {x: -0, y: -0, z: -0, w: 1}
  m_LocalPosition: {x: 25.5, y: 2.5, z: 0}
  m_LocalScale: {x: 1, y: 5, z: 50}
  m_Children: []
  m_Father: {fileID: 998029938}
  m_RootOrder: 1
  m_LocalEulerAnglesHint: {x: 0, y: 0, z: 0}
--- !u!65 &14688275
BoxCollider:
  m_ObjectHideFlags: 0
  m_CorrespondingSourceObject: {fileID: 0}
  m_PrefabInstance: {fileID: 0}
  m_PrefabAsset: {fileID: 0}
  m_GameObject: {fileID: 14688273}
  m_Material: {fileID: 0}
  m_IsTrigger: 0
  m_Enabled: 1
  serializedVersion: 2
  m_Size: {x: 1, y: 9.088635, z: 1}
  m_Center: {x: 0, y: 4.0443177, z: 0}
--- !u!23 &14688276
MeshRenderer:
  m_ObjectHideFlags: 0
  m_CorrespondingSourceObject: {fileID: 0}
  m_PrefabInstance: {fileID: 0}
  m_PrefabAsset: {fileID: 0}
  m_GameObject: {fileID: 14688273}
  m_Enabled: 1
  m_CastShadows: 1
  m_ReceiveShadows: 1
  m_DynamicOccludee: 1
  m_MotionVectors: 1
  m_LightProbeUsage: 1
  m_ReflectionProbeUsage: 1
  m_RenderingLayerMask: 1
  m_RendererPriority: 0
  m_Materials:
  - {fileID: 2100000, guid: 63dd12aae8b235245acea9c3ff897919, type: 2}
  m_StaticBatchInfo:
    firstSubMesh: 0
    subMeshCount: 0
  m_StaticBatchRoot: {fileID: 0}
  m_ProbeAnchor: {fileID: 0}
  m_LightProbeVolumeOverride: {fileID: 0}
  m_ScaleInLightmap: 1
  m_ReceiveGI: 1
  m_PreserveUVs: 0
  m_IgnoreNormalsForChartDetection: 0
  m_ImportantGI: 0
  m_StitchLightmapSeams: 1
  m_SelectedEditorRenderState: 3
  m_MinimumChartSize: 4
  m_AutoUVMaxDistance: 0.5
  m_AutoUVMaxAngle: 89
  m_LightmapParameters: {fileID: 0}
  m_SortingLayerID: 0
  m_SortingLayer: 0
  m_SortingOrder: 0
--- !u!33 &14688277
MeshFilter:
  m_ObjectHideFlags: 0
  m_CorrespondingSourceObject: {fileID: 0}
  m_PrefabInstance: {fileID: 0}
  m_PrefabAsset: {fileID: 0}
  m_GameObject: {fileID: 14688273}
  m_Mesh: {fileID: 10202, guid: 0000000000000000e000000000000000, type: 0}
--- !u!1 &68859914
GameObject:
  m_ObjectHideFlags: 0
  m_CorrespondingSourceObject: {fileID: 0}
  m_PrefabInstance: {fileID: 0}
  m_PrefabAsset: {fileID: 0}
  serializedVersion: 6
  m_Component:
  - component: {fileID: 68859915}
  - component: {fileID: 68859918}
  - component: {fileID: 68859917}
  - component: {fileID: 68859916}
  m_Layer: 9
  m_Name: Wall (2)
  m_TagString: Wall
  m_Icon: {fileID: 0}
  m_NavMeshLayer: 0
  m_StaticEditorFlags: 4294967295
  m_IsActive: 1
--- !u!4 &68859915
Transform:
  m_ObjectHideFlags: 0
  m_CorrespondingSourceObject: {fileID: 0}
  m_PrefabInstance: {fileID: 0}
  m_PrefabAsset: {fileID: 0}
  m_GameObject: {fileID: 68859914}
  m_LocalRotation: {x: -0, y: 0.7071068, z: -0, w: 0.7071068}
  m_LocalPosition: {x: 0, y: 2.5, z: 25.5}
  m_LocalScale: {x: 1, y: 5, z: 500}
  m_Children: []
  m_Father: {fileID: 998029938}
  m_RootOrder: 2
  m_LocalEulerAnglesHint: {x: 0, y: 90, z: 0}
--- !u!65 &68859916
BoxCollider:
  m_ObjectHideFlags: 0
  m_CorrespondingSourceObject: {fileID: 0}
  m_PrefabInstance: {fileID: 0}
  m_PrefabAsset: {fileID: 0}
  m_GameObject: {fileID: 68859914}
  m_Material: {fileID: 0}
  m_IsTrigger: 0
  m_Enabled: 1
  serializedVersion: 2
  m_Size: {x: 1, y: 16.081831, z: 0.9999987}
  m_Center: {x: 0, y: 7.540915, z: 0}
--- !u!23 &68859917
MeshRenderer:
  m_ObjectHideFlags: 0
  m_CorrespondingSourceObject: {fileID: 0}
  m_PrefabInstance: {fileID: 0}
  m_PrefabAsset: {fileID: 0}
  m_GameObject: {fileID: 68859914}
  m_Enabled: 1
  m_CastShadows: 1
  m_ReceiveShadows: 1
  m_DynamicOccludee: 1
  m_MotionVectors: 1
  m_LightProbeUsage: 1
  m_ReflectionProbeUsage: 1
  m_RenderingLayerMask: 1
  m_RendererPriority: 0
  m_Materials:
  - {fileID: 2100000, guid: 63dd12aae8b235245acea9c3ff897919, type: 2}
  m_StaticBatchInfo:
    firstSubMesh: 0
    subMeshCount: 0
  m_StaticBatchRoot: {fileID: 0}
  m_ProbeAnchor: {fileID: 0}
  m_LightProbeVolumeOverride: {fileID: 0}
  m_ScaleInLightmap: 1
  m_ReceiveGI: 1
  m_PreserveUVs: 0
  m_IgnoreNormalsForChartDetection: 0
  m_ImportantGI: 0
  m_StitchLightmapSeams: 1
  m_SelectedEditorRenderState: 3
  m_MinimumChartSize: 4
  m_AutoUVMaxDistance: 0.5
  m_AutoUVMaxAngle: 89
  m_LightmapParameters: {fileID: 0}
  m_SortingLayerID: 0
  m_SortingLayer: 0
  m_SortingOrder: 0
--- !u!33 &68859918
MeshFilter:
  m_ObjectHideFlags: 0
  m_CorrespondingSourceObject: {fileID: 0}
  m_PrefabInstance: {fileID: 0}
  m_PrefabAsset: {fileID: 0}
  m_GameObject: {fileID: 68859914}
  m_Mesh: {fileID: 10202, guid: 0000000000000000e000000000000000, type: 0}
--- !u!1 &133915740
GameObject:
  m_ObjectHideFlags: 0
  m_CorrespondingSourceObject: {fileID: 0}
  m_PrefabInstance: {fileID: 0}
  m_PrefabAsset: {fileID: 0}
  serializedVersion: 6
  m_Component:
  - component: {fileID: 133915744}
  - component: {fileID: 133915743}
  - component: {fileID: 133915742}
  - component: {fileID: 133915741}
  m_Layer: 5
  m_Name: Canvas
  m_TagString: Untagged
  m_Icon: {fileID: 0}
  m_NavMeshLayer: 0
  m_StaticEditorFlags: 0
  m_IsActive: 1
--- !u!114 &133915741
MonoBehaviour:
  m_ObjectHideFlags: 0
  m_CorrespondingSourceObject: {fileID: 0}
  m_PrefabInstance: {fileID: 0}
  m_PrefabAsset: {fileID: 0}
  m_GameObject: {fileID: 133915740}
  m_Enabled: 1
  m_EditorHideFlags: 0
  m_Script: {fileID: 11500000, guid: dc42784cf147c0c48a680349fa168899, type: 3}
  m_Name: 
  m_EditorClassIdentifier: 
  m_IgnoreReversedGraphics: 1
  m_BlockingObjects: 0
  m_BlockingMask:
    serializedVersion: 2
    m_Bits: 4294967295
--- !u!114 &133915742
MonoBehaviour:
  m_ObjectHideFlags: 0
  m_CorrespondingSourceObject: {fileID: 0}
  m_PrefabInstance: {fileID: 0}
  m_PrefabAsset: {fileID: 0}
  m_GameObject: {fileID: 133915740}
  m_Enabled: 1
  m_EditorHideFlags: 0
  m_Script: {fileID: 11500000, guid: 0cd44c1031e13a943bb63640046fad76, type: 3}
  m_Name: 
  m_EditorClassIdentifier: 
  m_UiScaleMode: 0
  m_ReferencePixelsPerUnit: 100
  m_ScaleFactor: 1
  m_ReferenceResolution: {x: 800, y: 600}
  m_ScreenMatchMode: 0
  m_MatchWidthOrHeight: 0
  m_PhysicalUnit: 3
  m_FallbackScreenDPI: 96
  m_DefaultSpriteDPI: 96
  m_DynamicPixelsPerUnit: 1
--- !u!223 &133915743
Canvas:
  m_ObjectHideFlags: 0
  m_CorrespondingSourceObject: {fileID: 0}
  m_PrefabInstance: {fileID: 0}
  m_PrefabAsset: {fileID: 0}
  m_GameObject: {fileID: 133915740}
  m_Enabled: 1
  serializedVersion: 3
  m_RenderMode: 0
  m_Camera: {fileID: 0}
  m_PlaneDistance: 100
  m_PixelPerfect: 0
  m_ReceivesEvents: 1
  m_OverrideSorting: 0
  m_OverridePixelPerfect: 0
  m_SortingBucketNormalizedSize: 0
  m_AdditionalShaderChannelsFlag: 0
  m_SortingLayerID: 0
  m_SortingOrder: 0
  m_TargetDisplay: 0
--- !u!224 &133915744
RectTransform:
  m_ObjectHideFlags: 0
  m_CorrespondingSourceObject: {fileID: 0}
  m_PrefabInstance: {fileID: 0}
  m_PrefabAsset: {fileID: 0}
  m_GameObject: {fileID: 133915740}
  m_LocalRotation: {x: 0, y: 0, z: 0, w: 1}
  m_LocalPosition: {x: 0, y: 0, z: 0}
  m_LocalScale: {x: 0, y: 0, z: 0}
  m_Children:
  - {fileID: 1953614441}
  m_Father: {fileID: 0}
  m_RootOrder: 7
  m_LocalEulerAnglesHint: {x: 0, y: 0, z: 0}
  m_AnchorMin: {x: 0, y: 0}
  m_AnchorMax: {x: 0, y: 0}
  m_AnchoredPosition: {x: 0, y: 0}
  m_SizeDelta: {x: 0, y: 0}
  m_Pivot: {x: 0, y: 0}
--- !u!1 &160115313
GameObject:
  m_ObjectHideFlags: 0
  m_CorrespondingSourceObject: {fileID: 0}
  m_PrefabInstance: {fileID: 0}
  m_PrefabAsset: {fileID: 0}
  serializedVersion: 6
  m_Component:
  - component: {fileID: 160115315}
  - component: {fileID: 160115314}
  - component: {fileID: 160115316}
  m_Layer: 0
  m_Name: GameAudioListener
  m_TagString: Untagged
  m_Icon: {fileID: 0}
  m_NavMeshLayer: 0
  m_StaticEditorFlags: 0
  m_IsActive: 1
--- !u!81 &160115314
AudioListener:
  m_ObjectHideFlags: 0
  m_CorrespondingSourceObject: {fileID: 0}
  m_PrefabInstance: {fileID: 0}
  m_PrefabAsset: {fileID: 0}
  m_GameObject: {fileID: 160115313}
  m_Enabled: 1
--- !u!4 &160115315
Transform:
  m_ObjectHideFlags: 0
  m_CorrespondingSourceObject: {fileID: 0}
  m_PrefabInstance: {fileID: 0}
  m_PrefabAsset: {fileID: 0}
  m_GameObject: {fileID: 160115313}
  m_LocalRotation: {x: 0, y: 0, z: 0, w: 1}
  m_LocalPosition: {x: 0, y: 0, z: 0}
  m_LocalScale: {x: 1, y: 1, z: 1}
  m_Children: []
  m_Father: {fileID: 0}
  m_RootOrder: 10
  m_LocalEulerAnglesHint: {x: 0, y: 0, z: 0}
--- !u!82 &160115316
AudioSource:
  m_ObjectHideFlags: 0
  m_CorrespondingSourceObject: {fileID: 0}
  m_PrefabInstance: {fileID: 0}
  m_PrefabAsset: {fileID: 0}
  m_GameObject: {fileID: 160115313}
  m_Enabled: 1
  serializedVersion: 4
  OutputAudioMixerGroup: {fileID: 0}
  m_audioClip: {fileID: 8300000, guid: e3561d673ee942e418879e26f2008305, type: 3}
  m_PlayOnAwake: 1
  m_Volume: 0.439
  m_Pitch: 1
  Loop: 1
  Mute: 0
  Spatialize: 0
  SpatializePostEffects: 0
  Priority: 128
  DopplerLevel: 1
  MinDistance: 1
  MaxDistance: 500
  Pan2D: 0
  rolloffMode: 0
  BypassEffects: 0
  BypassListenerEffects: 0
  BypassReverbZones: 0
  rolloffCustomCurve:
    serializedVersion: 2
    m_Curve:
    - serializedVersion: 3
      time: 0
      value: 1
      inSlope: 0
      outSlope: 0
      tangentMode: 0
      weightedMode: 0
      inWeight: 0.33333334
      outWeight: 0.33333334
    - serializedVersion: 3
      time: 1
      value: 0
      inSlope: 0
      outSlope: 0
      tangentMode: 0
      weightedMode: 0
      inWeight: 0.33333334
      outWeight: 0.33333334
    m_PreInfinity: 2
    m_PostInfinity: 2
    m_RotationOrder: 4
  panLevelCustomCurve:
    serializedVersion: 2
    m_Curve:
    - serializedVersion: 3
      time: 0
      value: 0
      inSlope: 0
      outSlope: 0
      tangentMode: 0
      weightedMode: 0
      inWeight: 0.33333334
      outWeight: 0.33333334
    m_PreInfinity: 2
    m_PostInfinity: 2
    m_RotationOrder: 4
  spreadCustomCurve:
    serializedVersion: 2
    m_Curve:
    - serializedVersion: 3
      time: 0
      value: 0
      inSlope: 0
      outSlope: 0
      tangentMode: 0
      weightedMode: 0
      inWeight: 0.33333334
      outWeight: 0.33333334
    m_PreInfinity: 2
    m_PostInfinity: 2
    m_RotationOrder: 4
  reverbZoneMixCustomCurve:
    serializedVersion: 2
    m_Curve:
    - serializedVersion: 3
      time: 0
      value: 1
      inSlope: 0
      outSlope: 0
      tangentMode: 0
      weightedMode: 0
      inWeight: 0.33333334
      outWeight: 0.33333334
    m_PreInfinity: 2
    m_PostInfinity: 2
    m_RotationOrder: 4
--- !u!1 &333782351
GameObject:
  m_ObjectHideFlags: 0
  m_CorrespondingSourceObject: {fileID: 0}
  m_PrefabInstance: {fileID: 0}
  m_PrefabAsset: {fileID: 0}
  serializedVersion: 6
  m_Component:
  - component: {fileID: 333782353}
  - component: {fileID: 333782352}
  m_Layer: 0
  m_Name: Render Settings
  m_TagString: Untagged
  m_Icon: {fileID: 0}
  m_NavMeshLayer: 0
  m_StaticEditorFlags: 0
  m_IsActive: 1
--- !u!114 &333782352
MonoBehaviour:
  m_ObjectHideFlags: 0
  m_CorrespondingSourceObject: {fileID: 0}
  m_PrefabInstance: {fileID: 0}
  m_PrefabAsset: {fileID: 0}
  m_GameObject: {fileID: 333782351}
  m_Enabled: 1
  m_EditorHideFlags: 0
  m_Script: {fileID: 11500000, guid: 172515602e62fb746b5d573b38a5fe58, type: 3}
  m_Name: 
  m_EditorClassIdentifier: 
  isGlobal: 1
  priority: -1
  blendDistance: 0
  weight: 1
  sharedProfile: {fileID: 11400000, guid: cf1b32335766f2e40a3d01fb915d6960, type: 2}
--- !u!4 &333782353
Transform:
  m_ObjectHideFlags: 0
  m_CorrespondingSourceObject: {fileID: 0}
  m_PrefabInstance: {fileID: 0}
  m_PrefabAsset: {fileID: 0}
  m_GameObject: {fileID: 333782351}
  m_LocalRotation: {x: -0, y: -0, z: -0, w: 1}
  m_LocalPosition: {x: 6.1293297, y: -3.9060338, z: 7.00498}
  m_LocalScale: {x: 1, y: 1, z: 1}
  m_Children: []
  m_Father: {fileID: 0}
  m_RootOrder: 12
  m_LocalEulerAnglesHint: {x: 0, y: 0, z: 0}
--- !u!1 &728172666
GameObject:
  m_ObjectHideFlags: 0
  m_CorrespondingSourceObject: {fileID: 0}
  m_PrefabInstance: {fileID: 0}
  m_PrefabAsset: {fileID: 0}
  serializedVersion: 6
  m_Component:
  - component: {fileID: 728172667}
  - component: {fileID: 728172670}
  - component: {fileID: 728172669}
  - component: {fileID: 728172668}
  m_Layer: 9
  m_Name: UpperGround
  m_TagString: Untagged
  m_Icon: {fileID: 0}
  m_NavMeshLayer: 0
  m_StaticEditorFlags: 4294967295
  m_IsActive: 1
--- !u!4 &728172667
Transform:
  m_ObjectHideFlags: 0
  m_CorrespondingSourceObject: {fileID: 0}
  m_PrefabInstance: {fileID: 0}
  m_PrefabAsset: {fileID: 0}
  m_GameObject: {fileID: 728172666}
  m_LocalRotation: {x: -0, y: -0, z: -0, w: 1}
  m_LocalPosition: {x: -28.91, y: 7.02, z: -31.29}
  m_LocalScale: {x: 50, y: 1, z: 50}
  m_Children: []
  m_Father: {fileID: 1740410973}
  m_RootOrder: 3
  m_LocalEulerAnglesHint: {x: 0, y: 0, z: 0}
--- !u!65 &728172668
BoxCollider:
  m_ObjectHideFlags: 0
  m_CorrespondingSourceObject: {fileID: 0}
  m_PrefabInstance: {fileID: 0}
  m_PrefabAsset: {fileID: 0}
  m_GameObject: {fileID: 728172666}
  m_Material: {fileID: 0}
  m_IsTrigger: 0
  m_Enabled: 1
  serializedVersion: 2
  m_Size: {x: 1, y: 1, z: 1}
  m_Center: {x: 0, y: 0, z: 0}
--- !u!23 &728172669
MeshRenderer:
  m_ObjectHideFlags: 0
  m_CorrespondingSourceObject: {fileID: 0}
  m_PrefabInstance: {fileID: 0}
  m_PrefabAsset: {fileID: 0}
  m_GameObject: {fileID: 728172666}
  m_Enabled: 1
  m_CastShadows: 1
  m_ReceiveShadows: 1
  m_DynamicOccludee: 1
  m_MotionVectors: 1
  m_LightProbeUsage: 1
  m_ReflectionProbeUsage: 1
  m_RenderingLayerMask: 1
  m_RendererPriority: 0
  m_Materials:
  - {fileID: 2100000, guid: 0b310befb79572f42bf3abd3bc467e4d, type: 2}
  m_StaticBatchInfo:
    firstSubMesh: 0
    subMeshCount: 0
  m_StaticBatchRoot: {fileID: 0}
  m_ProbeAnchor: {fileID: 0}
  m_LightProbeVolumeOverride: {fileID: 0}
  m_ScaleInLightmap: 1
  m_ReceiveGI: 1
  m_PreserveUVs: 0
  m_IgnoreNormalsForChartDetection: 0
  m_ImportantGI: 0
  m_StitchLightmapSeams: 1
  m_SelectedEditorRenderState: 3
  m_MinimumChartSize: 4
  m_AutoUVMaxDistance: 0.5
  m_AutoUVMaxAngle: 89
  m_LightmapParameters: {fileID: 0}
  m_SortingLayerID: 0
  m_SortingLayer: 0
  m_SortingOrder: 0
--- !u!33 &728172670
MeshFilter:
  m_ObjectHideFlags: 0
  m_CorrespondingSourceObject: {fileID: 0}
  m_PrefabInstance: {fileID: 0}
  m_PrefabAsset: {fileID: 0}
  m_GameObject: {fileID: 728172666}
  m_Mesh: {fileID: 10202, guid: 0000000000000000e000000000000000, type: 0}
--- !u!1 &847689744
GameObject:
  m_ObjectHideFlags: 0
  m_CorrespondingSourceObject: {fileID: 0}
  m_PrefabInstance: {fileID: 0}
  m_PrefabAsset: {fileID: 0}
  serializedVersion: 6
  m_Component:
  - component: {fileID: 847689745}
  m_Layer: 9
  m_Name: WallParent (19)
  m_TagString: Wall
  m_Icon: {fileID: 0}
  m_NavMeshLayer: 0
  m_StaticEditorFlags: 4294967295
  m_IsActive: 1
--- !u!4 &847689745
Transform:
  m_ObjectHideFlags: 0
  m_CorrespondingSourceObject: {fileID: 0}
  m_PrefabInstance: {fileID: 0}
  m_PrefabAsset: {fileID: 0}
  m_GameObject: {fileID: 847689744}
  m_LocalRotation: {x: 0.27059805, y: 0.27059805, z: -0.6532815, w: 0.6532815}
  m_LocalPosition: {x: -11.414, y: 7.52, z: -6.29}
  m_LocalScale: {x: 1, y: 1, z: 1}
  m_Children:
  - {fileID: 1848008350}
  m_Father: {fileID: 1366724814}
  m_RootOrder: 0
  m_LocalEulerAnglesHint: {x: 135, y: 180, z: 90}
--- !u!1 &998029937
GameObject:
  m_ObjectHideFlags: 0
  m_CorrespondingSourceObject: {fileID: 0}
  m_PrefabInstance: {fileID: 0}
  m_PrefabAsset: {fileID: 0}
  serializedVersion: 6
  m_Component:
  - component: {fileID: 998029938}
  m_Layer: 9
  m_Name: SideWalls
  m_TagString: Untagged
  m_Icon: {fileID: 0}
  m_NavMeshLayer: 0
  m_StaticEditorFlags: 4294967295
  m_IsActive: 1
--- !u!4 &998029938
Transform:
  m_ObjectHideFlags: 0
  m_CorrespondingSourceObject: {fileID: 0}
  m_PrefabInstance: {fileID: 0}
  m_PrefabAsset: {fileID: 0}
  m_GameObject: {fileID: 998029937}
  m_LocalRotation: {x: 0, y: 0, z: 0, w: 1}
  m_LocalPosition: {x: 0, y: 0, z: 0}
  m_LocalScale: {x: 1, y: 1, z: 1}
  m_Children:
  - {fileID: 1765958339}
  - {fileID: 14688274}
  - {fileID: 68859915}
  - {fileID: 1801990485}
  m_Father: {fileID: 1740410973}
  m_RootOrder: 1
  m_LocalEulerAnglesHint: {x: 0, y: 0, z: 0}
--- !u!114 &1263394274 stripped
MonoBehaviour:
  m_CorrespondingSourceObject: {fileID: 4442909881466603835, guid: 33bf8c32e331228409fc3da4923c376c,
    type: 3}
  m_PrefabInstance: {fileID: 1408106254}
  m_PrefabAsset: {fileID: 0}
  m_GameObject: {fileID: 0}
  m_Enabled: 1
  m_EditorHideFlags: 0
  m_Script: {fileID: 11500000, guid: 52f10dee1f9e3e74fbbed8ac72717dc3, type: 3}
  m_Name: 
  m_EditorClassIdentifier: 
--- !u!1001 &1290183867
PrefabInstance:
  m_ObjectHideFlags: 0
  serializedVersion: 2
  m_Modification:
    m_TransformParent: {fileID: 0}
    m_Modifications:
    - target: {fileID: 574564601832663972, guid: cad28ad62cd43ee41b3a06cfeea88600,
        type: 3}
      propertyPath: m_Name
      value: HealthPad
      objectReference: {fileID: 0}
    - target: {fileID: 574564601832663973, guid: cad28ad62cd43ee41b3a06cfeea88600,
        type: 3}
      propertyPath: m_LocalPosition.x
      value: -0.32315826
      objectReference: {fileID: 0}
    - target: {fileID: 574564601832663973, guid: cad28ad62cd43ee41b3a06cfeea88600,
        type: 3}
      propertyPath: m_LocalPosition.y
      value: -0.100000024
      objectReference: {fileID: 0}
    - target: {fileID: 574564601832663973, guid: cad28ad62cd43ee41b3a06cfeea88600,
        type: 3}
      propertyPath: m_LocalPosition.z
      value: 14.618222
      objectReference: {fileID: 0}
    - target: {fileID: 574564601832663973, guid: cad28ad62cd43ee41b3a06cfeea88600,
        type: 3}
      propertyPath: m_LocalRotation.x
      value: 0
      objectReference: {fileID: 0}
    - target: {fileID: 574564601832663973, guid: cad28ad62cd43ee41b3a06cfeea88600,
        type: 3}
      propertyPath: m_LocalRotation.y
      value: 0.40316203
      objectReference: {fileID: 0}
    - target: {fileID: 574564601832663973, guid: cad28ad62cd43ee41b3a06cfeea88600,
        type: 3}
      propertyPath: m_LocalRotation.z
      value: 0
      objectReference: {fileID: 0}
    - target: {fileID: 574564601832663973, guid: cad28ad62cd43ee41b3a06cfeea88600,
        type: 3}
      propertyPath: m_LocalRotation.w
      value: 0.91512865
      objectReference: {fileID: 0}
    - target: {fileID: 574564601832663973, guid: cad28ad62cd43ee41b3a06cfeea88600,
        type: 3}
      propertyPath: m_RootOrder
      value: 3
      objectReference: {fileID: 0}
    - target: {fileID: 574564601832663973, guid: cad28ad62cd43ee41b3a06cfeea88600,
        type: 3}
      propertyPath: m_LocalEulerAnglesHint.x
      value: 0
      objectReference: {fileID: 0}
    - target: {fileID: 574564601832663973, guid: cad28ad62cd43ee41b3a06cfeea88600,
        type: 3}
      propertyPath: m_LocalEulerAnglesHint.y
      value: 47.552002
      objectReference: {fileID: 0}
    - target: {fileID: 574564601832663973, guid: cad28ad62cd43ee41b3a06cfeea88600,
        type: 3}
      propertyPath: m_LocalEulerAnglesHint.z
      value: 0
      objectReference: {fileID: 0}
    m_RemovedComponents: []
  m_SourcePrefab: {fileID: 100100000, guid: cad28ad62cd43ee41b3a06cfeea88600, type: 3}
--- !u!1 &1366724813
GameObject:
  m_ObjectHideFlags: 0
  m_CorrespondingSourceObject: {fileID: 0}
  m_PrefabInstance: {fileID: 0}
  m_PrefabAsset: {fileID: 0}
  serializedVersion: 6
  m_Component:
  - component: {fileID: 1366724814}
  m_Layer: 9
  m_Name: ObstacleWalls
  m_TagString: Untagged
  m_Icon: {fileID: 0}
  m_NavMeshLayer: 0
  m_StaticEditorFlags: 4294967295
  m_IsActive: 1
--- !u!4 &1366724814
Transform:
  m_ObjectHideFlags: 0
  m_CorrespondingSourceObject: {fileID: 0}
  m_PrefabInstance: {fileID: 0}
  m_PrefabAsset: {fileID: 0}
  m_GameObject: {fileID: 1366724813}
  m_LocalRotation: {x: 0, y: 0, z: 0, w: 1}
  m_LocalPosition: {x: 0, y: 0, z: 0}
  m_LocalScale: {x: 1, y: 1, z: 1}
  m_Children:
  - {fileID: 847689745}
  m_Father: {fileID: 1740410973}
  m_RootOrder: 2
  m_LocalEulerAnglesHint: {x: 0, y: 0, z: 0}
--- !u!1 &1391759827
GameObject:
  m_ObjectHideFlags: 0
  m_CorrespondingSourceObject: {fileID: 0}
  m_PrefabInstance: {fileID: 0}
  m_PrefabAsset: {fileID: 0}
  serializedVersion: 6
  m_Component:
  - component: {fileID: 1391759829}
  - component: {fileID: 1391759828}
  m_Layer: 8
  m_Name: Post Processing Settings
  m_TagString: Untagged
  m_Icon: {fileID: 0}
  m_NavMeshLayer: 0
  m_StaticEditorFlags: 0
  m_IsActive: 1
--- !u!114 &1391759828
MonoBehaviour:
  m_ObjectHideFlags: 0
  m_CorrespondingSourceObject: {fileID: 0}
  m_PrefabInstance: {fileID: 0}
  m_PrefabAsset: {fileID: 0}
  m_GameObject: {fileID: 1391759827}
  m_Enabled: 1
  m_EditorHideFlags: 0
  m_Script: {fileID: 11500000, guid: 172515602e62fb746b5d573b38a5fe58, type: 3}
  m_Name: 
  m_EditorClassIdentifier: 
  isGlobal: 1
  priority: -1
  blendDistance: 0
  weight: 1
  sharedProfile: {fileID: 11400000, guid: 0904b06389a0ca142ae72fe1effad808, type: 2}
--- !u!4 &1391759829
Transform:
  m_ObjectHideFlags: 0
  m_CorrespondingSourceObject: {fileID: 0}
  m_PrefabInstance: {fileID: 0}
  m_PrefabAsset: {fileID: 0}
  m_GameObject: {fileID: 1391759827}
  m_LocalRotation: {x: -0, y: -0, z: -0, w: 1}
  m_LocalPosition: {x: 6.1293297, y: -3.9060338, z: 7.00498}
  m_LocalScale: {x: 1, y: 1, z: 1}
  m_Children: []
  m_Father: {fileID: 0}
  m_RootOrder: 13
  m_LocalEulerAnglesHint: {x: 0, y: 0, z: 0}
--- !u!1001 &1408106254
PrefabInstance:
  m_ObjectHideFlags: 0
  serializedVersion: 2
  m_Modification:
    m_TransformParent: {fileID: 0}
    m_Modifications:
    - target: {fileID: 4442909881238605181, guid: 33bf8c32e331228409fc3da4923c376c,
        type: 3}
      propertyPath: m_Name
      value: UI & Lobby
      objectReference: {fileID: 0}
    - target: {fileID: 4442909881238605180, guid: 33bf8c32e331228409fc3da4923c376c,
        type: 3}
      propertyPath: m_LocalPosition.x
      value: 0
      objectReference: {fileID: 0}
    - target: {fileID: 4442909881238605180, guid: 33bf8c32e331228409fc3da4923c376c,
        type: 3}
      propertyPath: m_LocalPosition.y
      value: 0
      objectReference: {fileID: 0}
    - target: {fileID: 4442909881238605180, guid: 33bf8c32e331228409fc3da4923c376c,
        type: 3}
      propertyPath: m_LocalPosition.z
      value: 0
      objectReference: {fileID: 0}
    - target: {fileID: 4442909881238605180, guid: 33bf8c32e331228409fc3da4923c376c,
        type: 3}
      propertyPath: m_LocalRotation.x
      value: 0
      objectReference: {fileID: 0}
    - target: {fileID: 4442909881238605180, guid: 33bf8c32e331228409fc3da4923c376c,
        type: 3}
      propertyPath: m_LocalRotation.y
      value: 0
      objectReference: {fileID: 0}
    - target: {fileID: 4442909881238605180, guid: 33bf8c32e331228409fc3da4923c376c,
        type: 3}
      propertyPath: m_LocalRotation.z
      value: 0
      objectReference: {fileID: 0}
    - target: {fileID: 4442909881238605180, guid: 33bf8c32e331228409fc3da4923c376c,
        type: 3}
      propertyPath: m_LocalRotation.w
      value: 1
      objectReference: {fileID: 0}
    - target: {fileID: 4442909881238605180, guid: 33bf8c32e331228409fc3da4923c376c,
        type: 3}
      propertyPath: m_RootOrder
      value: 18
      objectReference: {fileID: 0}
    - target: {fileID: 4442909881238605180, guid: 33bf8c32e331228409fc3da4923c376c,
        type: 3}
      propertyPath: m_LocalEulerAnglesHint.x
      value: 0
      objectReference: {fileID: 0}
    - target: {fileID: 4442909881238605180, guid: 33bf8c32e331228409fc3da4923c376c,
        type: 3}
      propertyPath: m_LocalEulerAnglesHint.y
      value: 0
      objectReference: {fileID: 0}
    - target: {fileID: 4442909881238605180, guid: 33bf8c32e331228409fc3da4923c376c,
        type: 3}
      propertyPath: m_LocalEulerAnglesHint.z
      value: 0
      objectReference: {fileID: 0}
    - target: {fileID: 4442909881466603835, guid: 33bf8c32e331228409fc3da4923c376c,
        type: 3}
      propertyPath: PlayerPanel1
      value: 
      objectReference: {fileID: 3439186267576146126}
    - target: {fileID: 4442909881466603835, guid: 33bf8c32e331228409fc3da4923c376c,
        type: 3}
      propertyPath: PlayerPanel2
      value: 
      objectReference: {fileID: 2654291899029754}
    - target: {fileID: 4442909881466603835, guid: 33bf8c32e331228409fc3da4923c376c,
        type: 3}
      propertyPath: PlayerStartPanel1
      value: 
      objectReference: {fileID: 3439186267576146125}
    - target: {fileID: 4442909881466603835, guid: 33bf8c32e331228409fc3da4923c376c,
        type: 3}
      propertyPath: PlayerStartPanel2
      value: 
      objectReference: {fileID: 2654291899029753}
    - target: {fileID: 4442909881466603835, guid: 33bf8c32e331228409fc3da4923c376c,
        type: 3}
      propertyPath: Player1StartTxt
      value: 
      objectReference: {fileID: 3439186267576146124}
    - target: {fileID: 4442909881466603835, guid: 33bf8c32e331228409fc3da4923c376c,
        type: 3}
      propertyPath: Player2StartTxt
      value: 
      objectReference: {fileID: 2654291899029752}
    - target: {fileID: 4442909881466603835, guid: 33bf8c32e331228409fc3da4923c376c,
        type: 3}
      propertyPath: game
      value: 
      objectReference: {fileID: 1983773398}
    - target: {fileID: 4442909881582387314, guid: 33bf8c32e331228409fc3da4923c376c,
        type: 3}
      propertyPath: m_AnchorMax.y
      value: 0
      objectReference: {fileID: 0}
    - target: {fileID: 4442909881072596048, guid: 33bf8c32e331228409fc3da4923c376c,
        type: 3}
      propertyPath: m_AnchorMax.y
      value: 0
      objectReference: {fileID: 0}
    - target: {fileID: 4442909880168499708, guid: 33bf8c32e331228409fc3da4923c376c,
        type: 3}
      propertyPath: m_AnchorMax.y
      value: 0
      objectReference: {fileID: 0}
    - target: {fileID: 4442909880844064350, guid: 33bf8c32e331228409fc3da4923c376c,
        type: 3}
      propertyPath: m_AnchorMax.y
      value: 0
      objectReference: {fileID: 0}
    - target: {fileID: 4442909881601922961, guid: 33bf8c32e331228409fc3da4923c376c,
        type: 3}
      propertyPath: m_OnValueChanged.m_PersistentCalls.m_Calls.Array.data[0].m_Target
      value: 
      objectReference: {fileID: 3300168818857909877}
    - target: {fileID: 4442909881601922961, guid: 33bf8c32e331228409fc3da4923c376c,
        type: 3}
      propertyPath: m_OnValueChanged.m_PersistentCalls.m_Calls.Array.data[0].m_MethodName
      value: set_YJoystickSensitivity
      objectReference: {fileID: 0}
    - target: {fileID: 4442909881601922961, guid: 33bf8c32e331228409fc3da4923c376c,
        type: 3}
      propertyPath: m_OnValueChanged.m_PersistentCalls.m_Calls.Array.data[0].m_Arguments.m_ObjectArgumentAssemblyTypeName
      value: UnityEngine.Object, UnityEngine
      objectReference: {fileID: 0}
    - target: {fileID: 4442909881601922961, guid: 33bf8c32e331228409fc3da4923c376c,
        type: 3}
      propertyPath: m_OnValueChanged.m_PersistentCalls.m_Calls.Array.data[0].m_Mode
      value: 0
      objectReference: {fileID: 0}
    m_RemovedComponents: []
  m_SourcePrefab: {fileID: 100100000, guid: 33bf8c32e331228409fc3da4923c376c, type: 3}
--- !u!1 &1408106255 stripped
GameObject:
  m_CorrespondingSourceObject: {fileID: 4442909881787469657, guid: 33bf8c32e331228409fc3da4923c376c,
    type: 3}
  m_PrefabInstance: {fileID: 1408106254}
  m_PrefabAsset: {fileID: 0}
--- !u!223 &1408106256 stripped
Canvas:
  m_CorrespondingSourceObject: {fileID: 7874664293762855624, guid: 33bf8c32e331228409fc3da4923c376c,
    type: 3}
  m_PrefabInstance: {fileID: 1408106254}
  m_PrefabAsset: {fileID: 0}
--- !u!223 &1408106257 stripped
Canvas:
  m_CorrespondingSourceObject: {fileID: 4083578492912605517, guid: 33bf8c32e331228409fc3da4923c376c,
    type: 3}
  m_PrefabInstance: {fileID: 1408106254}
  m_PrefabAsset: {fileID: 0}
--- !u!1001 &1462576593
PrefabInstance:
  m_ObjectHideFlags: 0
  serializedVersion: 2
  m_Modification:
    m_TransformParent: {fileID: 0}
    m_Modifications:
    - target: {fileID: 4132880676059774619, guid: bd7d5bdf744974c4b807f051538abcd1,
        type: 3}
      propertyPath: m_Name
      value: AmmoPad_AssaultRifle
      objectReference: {fileID: 0}
    - target: {fileID: 4132880676059774622, guid: bd7d5bdf744974c4b807f051538abcd1,
        type: 3}
      propertyPath: m_LocalPosition.x
      value: 13.982845
      objectReference: {fileID: 0}
    - target: {fileID: 4132880676059774622, guid: bd7d5bdf744974c4b807f051538abcd1,
        type: 3}
      propertyPath: m_LocalPosition.y
      value: -0.100000024
      objectReference: {fileID: 0}
    - target: {fileID: 4132880676059774622, guid: bd7d5bdf744974c4b807f051538abcd1,
        type: 3}
      propertyPath: m_LocalPosition.z
      value: 13.702936
      objectReference: {fileID: 0}
    - target: {fileID: 4132880676059774622, guid: bd7d5bdf744974c4b807f051538abcd1,
        type: 3}
      propertyPath: m_LocalRotation.x
      value: 0
      objectReference: {fileID: 0}
    - target: {fileID: 4132880676059774622, guid: bd7d5bdf744974c4b807f051538abcd1,
        type: 3}
      propertyPath: m_LocalRotation.y
      value: 0.40316203
      objectReference: {fileID: 0}
    - target: {fileID: 4132880676059774622, guid: bd7d5bdf744974c4b807f051538abcd1,
        type: 3}
      propertyPath: m_LocalRotation.z
      value: 0
      objectReference: {fileID: 0}
    - target: {fileID: 4132880676059774622, guid: bd7d5bdf744974c4b807f051538abcd1,
        type: 3}
      propertyPath: m_LocalRotation.w
      value: 0.91512865
      objectReference: {fileID: 0}
    - target: {fileID: 4132880676059774622, guid: bd7d5bdf744974c4b807f051538abcd1,
        type: 3}
      propertyPath: m_RootOrder
      value: 5
      objectReference: {fileID: 0}
    - target: {fileID: 4132880676059774622, guid: bd7d5bdf744974c4b807f051538abcd1,
        type: 3}
      propertyPath: m_LocalEulerAnglesHint.x
      value: 0
      objectReference: {fileID: 0}
    - target: {fileID: 4132880676059774622, guid: bd7d5bdf744974c4b807f051538abcd1,
        type: 3}
      propertyPath: m_LocalEulerAnglesHint.y
      value: 47.552002
      objectReference: {fileID: 0}
    - target: {fileID: 4132880676059774622, guid: bd7d5bdf744974c4b807f051538abcd1,
        type: 3}
      propertyPath: m_LocalEulerAnglesHint.z
      value: 0
      objectReference: {fileID: 0}
    m_RemovedComponents: []
  m_SourcePrefab: {fileID: 100100000, guid: bd7d5bdf744974c4b807f051538abcd1, type: 3}
--- !u!1001 &1525747259
PrefabInstance:
  m_ObjectHideFlags: 0
  serializedVersion: 2
  m_Modification:
    m_TransformParent: {fileID: 0}
    m_Modifications:
    - target: {fileID: 3507057569937899584, guid: f6f17faa59bdd4144b2b002d4a757478,
        type: 3}
      propertyPath: m_Name
      value: JumpPad
      objectReference: {fileID: 0}
    - target: {fileID: 3507057569937899591, guid: f6f17faa59bdd4144b2b002d4a757478,
        type: 3}
      propertyPath: m_LocalPosition.x
      value: -6.3468866
      objectReference: {fileID: 0}
    - target: {fileID: 3507057569937899591, guid: f6f17faa59bdd4144b2b002d4a757478,
        type: 3}
      propertyPath: m_LocalPosition.y
      value: -0.100000024
      objectReference: {fileID: 0}
    - target: {fileID: 3507057569937899591, guid: f6f17faa59bdd4144b2b002d4a757478,
        type: 3}
      propertyPath: m_LocalPosition.z
      value: 10.767406
      objectReference: {fileID: 0}
    - target: {fileID: 3507057569937899591, guid: f6f17faa59bdd4144b2b002d4a757478,
        type: 3}
      propertyPath: m_LocalRotation.x
      value: -0
      objectReference: {fileID: 0}
    - target: {fileID: 3507057569937899591, guid: f6f17faa59bdd4144b2b002d4a757478,
        type: 3}
      propertyPath: m_LocalRotation.y
      value: 0.95463884
      objectReference: {fileID: 0}
    - target: {fileID: 3507057569937899591, guid: f6f17faa59bdd4144b2b002d4a757478,
        type: 3}
      propertyPath: m_LocalRotation.z
      value: -0
      objectReference: {fileID: 0}
    - target: {fileID: 3507057569937899591, guid: f6f17faa59bdd4144b2b002d4a757478,
        type: 3}
      propertyPath: m_LocalRotation.w
      value: 0.29776618
      objectReference: {fileID: 0}
    - target: {fileID: 3507057569937899591, guid: f6f17faa59bdd4144b2b002d4a757478,
        type: 3}
      propertyPath: m_RootOrder
      value: 2
      objectReference: {fileID: 0}
    - target: {fileID: 3507057569937899591, guid: f6f17faa59bdd4144b2b002d4a757478,
        type: 3}
      propertyPath: m_LocalEulerAnglesHint.x
      value: 0
      objectReference: {fileID: 0}
    - target: {fileID: 3507057569937899591, guid: f6f17faa59bdd4144b2b002d4a757478,
        type: 3}
      propertyPath: m_LocalEulerAnglesHint.y
      value: 145.35301
      objectReference: {fileID: 0}
    - target: {fileID: 3507057569937899591, guid: f6f17faa59bdd4144b2b002d4a757478,
        type: 3}
      propertyPath: m_LocalEulerAnglesHint.z
      value: 0
      objectReference: {fileID: 0}
    m_RemovedComponents: []
  m_SourcePrefab: {fileID: 100100000, guid: f6f17faa59bdd4144b2b002d4a757478, type: 3}
--- !u!1 &1551122553
GameObject:
  m_ObjectHideFlags: 0
  m_CorrespondingSourceObject: {fileID: 0}
  m_PrefabInstance: {fileID: 0}
  m_PrefabAsset: {fileID: 0}
  serializedVersion: 6
  m_Component:
  - component: {fileID: 1551122556}
  - component: {fileID: 1551122555}
  - component: {fileID: 1551122554}
  m_Layer: 0
  m_Name: EventSystem
  m_TagString: Untagged
  m_Icon: {fileID: 0}
  m_NavMeshLayer: 0
  m_StaticEditorFlags: 0
  m_IsActive: 1
--- !u!114 &1551122554
MonoBehaviour:
  m_ObjectHideFlags: 0
  m_CorrespondingSourceObject: {fileID: 0}
  m_PrefabInstance: {fileID: 0}
  m_PrefabAsset: {fileID: 0}
  m_GameObject: {fileID: 1551122553}
  m_Enabled: 1
  m_EditorHideFlags: 0
  m_Script: {fileID: 11500000, guid: 4f231c4fb786f3946a6b90b886c48677, type: 3}
  m_Name: 
  m_EditorClassIdentifier: 
  m_HorizontalAxis: Horizontal
  m_VerticalAxis: Vertical
  m_SubmitButton: Submit
  m_CancelButton: Cancel
  m_InputActionsPerSecond: 10
  m_RepeatDelay: 0.5
  m_ForceModuleActive: 0
--- !u!114 &1551122555
MonoBehaviour:
  m_ObjectHideFlags: 0
  m_CorrespondingSourceObject: {fileID: 0}
  m_PrefabInstance: {fileID: 0}
  m_PrefabAsset: {fileID: 0}
  m_GameObject: {fileID: 1551122553}
  m_Enabled: 1
  m_EditorHideFlags: 0
  m_Script: {fileID: 11500000, guid: 76c392e42b5098c458856cdf6ecaaaa1, type: 3}
  m_Name: 
  m_EditorClassIdentifier: 
  m_FirstSelected: {fileID: 0}
  m_sendNavigationEvents: 1
  m_DragThreshold: 10
--- !u!4 &1551122556
Transform:
  m_ObjectHideFlags: 0
  m_CorrespondingSourceObject: {fileID: 0}
  m_PrefabInstance: {fileID: 0}
  m_PrefabAsset: {fileID: 0}
  m_GameObject: {fileID: 1551122553}
  m_LocalRotation: {x: 0, y: 0, z: 0, w: 1}
  m_LocalPosition: {x: 0, y: 0, z: 0}
  m_LocalScale: {x: 1, y: 1, z: 1}
  m_Children: []
  m_Father: {fileID: 0}
  m_RootOrder: 1
  m_LocalEulerAnglesHint: {x: 0, y: 0, z: 0}
--- !u!114 &1601033797 stripped
MonoBehaviour:
  m_CorrespondingSourceObject: {fileID: 16282713605644159, guid: 2a774b7c12bb2664ba9ae267cea71a96,
    type: 3}
  m_PrefabInstance: {fileID: 3300168818857909876}
  m_PrefabAsset: {fileID: 0}
  m_GameObject: {fileID: 0}
  m_Enabled: 1
  m_EditorHideFlags: 0
  m_Script: {fileID: 11500000, guid: 74205349d2f67234ab9928687ddb65d3, type: 3}
  m_Name: 
  m_EditorClassIdentifier: 
--- !u!114 &1620599148 stripped
MonoBehaviour:
  m_CorrespondingSourceObject: {fileID: 2049992490323928190, guid: 118745d17ec429d4184c37804c0d4a7d,
    type: 3}
  m_PrefabInstance: {fileID: 2049992491924555026}
  m_PrefabAsset: {fileID: 0}
  m_GameObject: {fileID: 0}
  m_Enabled: 1
  m_EditorHideFlags: 0
  m_Script: {fileID: 11500000, guid: d8484f915eca7434f8e3b9c568fffd3e, type: 3}
  m_Name: 
  m_EditorClassIdentifier: 
--- !u!1 &1699282918
GameObject:
  m_ObjectHideFlags: 0
  m_CorrespondingSourceObject: {fileID: 0}
  m_PrefabInstance: {fileID: 0}
  m_PrefabAsset: {fileID: 0}
  serializedVersion: 6
  m_Component:
  - component: {fileID: 1699282920}
  - component: {fileID: 1699282919}
  m_Layer: 0
  m_Name: SPAWNER
  m_TagString: Untagged
  m_Icon: {fileID: 0}
  m_NavMeshLayer: 0
  m_StaticEditorFlags: 0
  m_IsActive: 1
--- !u!114 &1699282919
MonoBehaviour:
  m_ObjectHideFlags: 0
  m_CorrespondingSourceObject: {fileID: 0}
  m_PrefabInstance: {fileID: 0}
  m_PrefabAsset: {fileID: 0}
  m_GameObject: {fileID: 1699282918}
  m_Enabled: 1
  m_EditorHideFlags: 0
  m_Script: {fileID: 11500000, guid: 39223f5fdcb28cb4eb97825692a8ff04, type: 3}
  m_Name: 
  m_EditorClassIdentifier: 
  spawnPoints: []
--- !u!4 &1699282920
Transform:
  m_ObjectHideFlags: 0
  m_CorrespondingSourceObject: {fileID: 0}
  m_PrefabInstance: {fileID: 0}
  m_PrefabAsset: {fileID: 0}
  m_GameObject: {fileID: 1699282918}
  m_LocalRotation: {x: 0, y: 0, z: 0, w: 1}
  m_LocalPosition: {x: 0, y: 0, z: 0}
  m_LocalScale: {x: 1, y: 1, z: 1}
  m_Children: []
  m_Father: {fileID: 0}
  m_RootOrder: 17
  m_LocalEulerAnglesHint: {x: 0, y: 0, z: 0}
--- !u!1 &1740410972
GameObject:
  m_ObjectHideFlags: 0
  m_CorrespondingSourceObject: {fileID: 0}
  m_PrefabInstance: {fileID: 0}
  m_PrefabAsset: {fileID: 0}
  serializedVersion: 6
  m_Component:
  - component: {fileID: 1740410973}
  m_Layer: 9
  m_Name: Map
  m_TagString: Untagged
  m_Icon: {fileID: 0}
  m_NavMeshLayer: 0
  m_StaticEditorFlags: 4294967295
  m_IsActive: 1
--- !u!4 &1740410973
Transform:
  m_ObjectHideFlags: 0
  m_CorrespondingSourceObject: {fileID: 0}
  m_PrefabInstance: {fileID: 0}
  m_PrefabAsset: {fileID: 0}
  m_GameObject: {fileID: 1740410972}
  m_LocalRotation: {x: 0, y: 0, z: 0, w: 1}
  m_LocalPosition: {x: 0, y: -0.1, z: 0}
  m_LocalScale: {x: 1, y: 1, z: 1}
  m_Children:
  - {fileID: 14148923}
  - {fileID: 998029938}
  - {fileID: 1366724814}
  - {fileID: 728172667}
  m_Father: {fileID: 0}
  m_RootOrder: 14
  m_LocalEulerAnglesHint: {x: 0, y: 0, z: 0}
--- !u!1 &1765958338
GameObject:
  m_ObjectHideFlags: 0
  m_CorrespondingSourceObject: {fileID: 0}
  m_PrefabInstance: {fileID: 0}
  m_PrefabAsset: {fileID: 0}
  serializedVersion: 6
  m_Component:
  - component: {fileID: 1765958339}
  - component: {fileID: 1765958342}
  - component: {fileID: 1765958341}
  - component: {fileID: 1765958340}
  m_Layer: 9
  m_Name: Wall
  m_TagString: Wall
  m_Icon: {fileID: 0}
  m_NavMeshLayer: 0
  m_StaticEditorFlags: 4294967295
  m_IsActive: 1
--- !u!4 &1765958339
Transform:
  m_ObjectHideFlags: 0
  m_CorrespondingSourceObject: {fileID: 0}
  m_PrefabInstance: {fileID: 0}
  m_PrefabAsset: {fileID: 0}
  m_GameObject: {fileID: 1765958338}
  m_LocalRotation: {x: -0, y: -0, z: -0, w: 1}
  m_LocalPosition: {x: -25.5, y: 2.5, z: 0}
  m_LocalScale: {x: 1, y: 5, z: 50}
  m_Children: []
  m_Father: {fileID: 998029938}
  m_RootOrder: 0
  m_LocalEulerAnglesHint: {x: 0, y: 0, z: 0}
--- !u!65 &1765958340
BoxCollider:
  m_ObjectHideFlags: 0
  m_CorrespondingSourceObject: {fileID: 0}
  m_PrefabInstance: {fileID: 0}
  m_PrefabAsset: {fileID: 0}
  m_GameObject: {fileID: 1765958338}
  m_Material: {fileID: 0}
  m_IsTrigger: 0
  m_Enabled: 1
  serializedVersion: 2
  m_Size: {x: 1, y: 1.2876786, z: 1}
  m_Center: {x: 0, y: 0.14383927, z: 0}
--- !u!23 &1765958341
MeshRenderer:
  m_ObjectHideFlags: 0
  m_CorrespondingSourceObject: {fileID: 0}
  m_PrefabInstance: {fileID: 0}
  m_PrefabAsset: {fileID: 0}
  m_GameObject: {fileID: 1765958338}
  m_Enabled: 1
  m_CastShadows: 1
  m_ReceiveShadows: 1
  m_DynamicOccludee: 1
  m_MotionVectors: 1
  m_LightProbeUsage: 1
  m_ReflectionProbeUsage: 1
  m_RenderingLayerMask: 1
  m_RendererPriority: 0
  m_Materials:
  - {fileID: 2100000, guid: 63dd12aae8b235245acea9c3ff897919, type: 2}
  m_StaticBatchInfo:
    firstSubMesh: 0
    subMeshCount: 0
  m_StaticBatchRoot: {fileID: 0}
  m_ProbeAnchor: {fileID: 0}
  m_LightProbeVolumeOverride: {fileID: 0}
  m_ScaleInLightmap: 1
  m_ReceiveGI: 1
  m_PreserveUVs: 0
  m_IgnoreNormalsForChartDetection: 0
  m_ImportantGI: 0
  m_StitchLightmapSeams: 1
  m_SelectedEditorRenderState: 3
  m_MinimumChartSize: 4
  m_AutoUVMaxDistance: 0.5
  m_AutoUVMaxAngle: 89
  m_LightmapParameters: {fileID: 0}
  m_SortingLayerID: 0
  m_SortingLayer: 0
  m_SortingOrder: 0
--- !u!33 &1765958342
MeshFilter:
  m_ObjectHideFlags: 0
  m_CorrespondingSourceObject: {fileID: 0}
  m_PrefabInstance: {fileID: 0}
  m_PrefabAsset: {fileID: 0}
  m_GameObject: {fileID: 1765958338}
  m_Mesh: {fileID: 10202, guid: 0000000000000000e000000000000000, type: 0}
--- !u!1 &1801990484
GameObject:
  m_ObjectHideFlags: 0
  m_CorrespondingSourceObject: {fileID: 0}
  m_PrefabInstance: {fileID: 0}
  m_PrefabAsset: {fileID: 0}
  serializedVersion: 6
  m_Component:
  - component: {fileID: 1801990485}
  - component: {fileID: 1801990488}
  - component: {fileID: 1801990487}
  - component: {fileID: 1801990486}
  m_Layer: 9
  m_Name: Wall (3)
  m_TagString: Wall
  m_Icon: {fileID: 0}
  m_NavMeshLayer: 0
  m_StaticEditorFlags: 4294967295
  m_IsActive: 1
--- !u!4 &1801990485
Transform:
  m_ObjectHideFlags: 0
  m_CorrespondingSourceObject: {fileID: 0}
  m_PrefabInstance: {fileID: 0}
  m_PrefabAsset: {fileID: 0}
  m_GameObject: {fileID: 1801990484}
  m_LocalRotation: {x: -0, y: 0.7071068, z: -0, w: 0.7071068}
  m_LocalPosition: {x: 0, y: 2.5, z: -25.5}
  m_LocalScale: {x: 1, y: 5, z: 50.00003}
  m_Children: []
  m_Father: {fileID: 998029938}
  m_RootOrder: 3
  m_LocalEulerAnglesHint: {x: 0, y: 90, z: 0}
--- !u!65 &1801990486
BoxCollider:
  m_ObjectHideFlags: 0
  m_CorrespondingSourceObject: {fileID: 0}
  m_PrefabInstance: {fileID: 0}
  m_PrefabAsset: {fileID: 0}
  m_GameObject: {fileID: 1801990484}
  m_Material: {fileID: 0}
  m_IsTrigger: 0
  m_Enabled: 1
  serializedVersion: 2
  m_Size: {x: 1, y: 1.2632484, z: 0.9999998}
  m_Center: {x: 0, y: 0.13162413, z: 0}
--- !u!23 &1801990487
MeshRenderer:
  m_ObjectHideFlags: 0
  m_CorrespondingSourceObject: {fileID: 0}
  m_PrefabInstance: {fileID: 0}
  m_PrefabAsset: {fileID: 0}
  m_GameObject: {fileID: 1801990484}
  m_Enabled: 1
  m_CastShadows: 1
  m_ReceiveShadows: 1
  m_DynamicOccludee: 1
  m_MotionVectors: 1
  m_LightProbeUsage: 1
  m_ReflectionProbeUsage: 1
  m_RenderingLayerMask: 1
  m_RendererPriority: 0
  m_Materials:
  - {fileID: 2100000, guid: 63dd12aae8b235245acea9c3ff897919, type: 2}
  m_StaticBatchInfo:
    firstSubMesh: 0
    subMeshCount: 0
  m_StaticBatchRoot: {fileID: 0}
  m_ProbeAnchor: {fileID: 0}
  m_LightProbeVolumeOverride: {fileID: 0}
  m_ScaleInLightmap: 1
  m_ReceiveGI: 1
  m_PreserveUVs: 0
  m_IgnoreNormalsForChartDetection: 0
  m_ImportantGI: 0
  m_StitchLightmapSeams: 1
  m_SelectedEditorRenderState: 3
  m_MinimumChartSize: 4
  m_AutoUVMaxDistance: 0.5
  m_AutoUVMaxAngle: 89
  m_LightmapParameters: {fileID: 0}
  m_SortingLayerID: 0
  m_SortingLayer: 0
  m_SortingOrder: 0
--- !u!33 &1801990488
MeshFilter:
  m_ObjectHideFlags: 0
  m_CorrespondingSourceObject: {fileID: 0}
  m_PrefabInstance: {fileID: 0}
  m_PrefabAsset: {fileID: 0}
  m_GameObject: {fileID: 1801990484}
  m_Mesh: {fileID: 10202, guid: 0000000000000000e000000000000000, type: 0}
--- !u!1001 &1845655433
PrefabInstance:
  m_ObjectHideFlags: 0
  serializedVersion: 2
  m_Modification:
    m_TransformParent: {fileID: 0}
    m_Modifications:
    - target: {fileID: 784809420981454337, guid: 73325265b22df1740a87177a80497d0d,
        type: 3}
      propertyPath: m_Name
      value: AmmoPad_Shotgun
      objectReference: {fileID: 0}
    - target: {fileID: 784809420981454336, guid: 73325265b22df1740a87177a80497d0d,
        type: 3}
      propertyPath: m_LocalPosition.x
      value: 6.966894
      objectReference: {fileID: 0}
    - target: {fileID: 784809420981454336, guid: 73325265b22df1740a87177a80497d0d,
        type: 3}
      propertyPath: m_LocalPosition.y
      value: -0.100000024
      objectReference: {fileID: 0}
    - target: {fileID: 784809420981454336, guid: 73325265b22df1740a87177a80497d0d,
        type: 3}
      propertyPath: m_LocalPosition.z
      value: 14.896466
      objectReference: {fileID: 0}
    - target: {fileID: 784809420981454336, guid: 73325265b22df1740a87177a80497d0d,
        type: 3}
      propertyPath: m_LocalRotation.x
      value: 0
      objectReference: {fileID: 0}
    - target: {fileID: 784809420981454336, guid: 73325265b22df1740a87177a80497d0d,
        type: 3}
      propertyPath: m_LocalRotation.y
      value: 0.40316203
      objectReference: {fileID: 0}
    - target: {fileID: 784809420981454336, guid: 73325265b22df1740a87177a80497d0d,
        type: 3}
      propertyPath: m_LocalRotation.z
      value: 0
      objectReference: {fileID: 0}
    - target: {fileID: 784809420981454336, guid: 73325265b22df1740a87177a80497d0d,
        type: 3}
      propertyPath: m_LocalRotation.w
      value: 0.91512865
      objectReference: {fileID: 0}
    - target: {fileID: 784809420981454336, guid: 73325265b22df1740a87177a80497d0d,
        type: 3}
      propertyPath: m_RootOrder
      value: 4
      objectReference: {fileID: 0}
    - target: {fileID: 784809420981454336, guid: 73325265b22df1740a87177a80497d0d,
        type: 3}
      propertyPath: m_LocalEulerAnglesHint.x
      value: 0
      objectReference: {fileID: 0}
    - target: {fileID: 784809420981454336, guid: 73325265b22df1740a87177a80497d0d,
        type: 3}
      propertyPath: m_LocalEulerAnglesHint.y
      value: 47.552002
      objectReference: {fileID: 0}
    - target: {fileID: 784809420981454336, guid: 73325265b22df1740a87177a80497d0d,
        type: 3}
      propertyPath: m_LocalEulerAnglesHint.z
      value: 0
      objectReference: {fileID: 0}
    m_RemovedComponents: []
  m_SourcePrefab: {fileID: 100100000, guid: 73325265b22df1740a87177a80497d0d, type: 3}
--- !u!1 &1848008349
GameObject:
  m_ObjectHideFlags: 0
  m_CorrespondingSourceObject: {fileID: 0}
  m_PrefabInstance: {fileID: 0}
  m_PrefabAsset: {fileID: 0}
  serializedVersion: 6
  m_Component:
  - component: {fileID: 1848008350}
  - component: {fileID: 1848008353}
  - component: {fileID: 1848008352}
  - component: {fileID: 1848008351}
  m_Layer: 9
  m_Name: Wall (5)
  m_TagString: Wall
  m_Icon: {fileID: 0}
  m_NavMeshLayer: 0
  m_StaticEditorFlags: 4294967295
  m_IsActive: 1
--- !u!4 &1848008350
Transform:
  m_ObjectHideFlags: 0
  m_CorrespondingSourceObject: {fileID: 0}
  m_PrefabInstance: {fileID: 0}
  m_PrefabAsset: {fileID: 0}
  m_GameObject: {fileID: 1848008349}
  m_LocalRotation: {x: -0, y: -0, z: -0, w: 1}
  m_LocalPosition: {x: 0.5, y: 0, z: 5}
  m_LocalScale: {x: 1, y: 5, z: 12.474999}
  m_Children: []
  m_Father: {fileID: 847689745}
  m_RootOrder: 0
  m_LocalEulerAnglesHint: {x: 0, y: 0, z: 0}
--- !u!65 &1848008351
BoxCollider:
  m_ObjectHideFlags: 0
  m_CorrespondingSourceObject: {fileID: 0}
  m_PrefabInstance: {fileID: 0}
  m_PrefabAsset: {fileID: 0}
  m_GameObject: {fileID: 1848008349}
  m_Material: {fileID: 0}
  m_IsTrigger: 0
  m_Enabled: 1
  serializedVersion: 2
  m_Size: {x: 1, y: 1, z: 1}
  m_Center: {x: 0, y: 0, z: 0}
--- !u!23 &1848008352
MeshRenderer:
  m_ObjectHideFlags: 0
  m_CorrespondingSourceObject: {fileID: 0}
  m_PrefabInstance: {fileID: 0}
  m_PrefabAsset: {fileID: 0}
  m_GameObject: {fileID: 1848008349}
  m_Enabled: 1
  m_CastShadows: 1
  m_ReceiveShadows: 1
  m_DynamicOccludee: 1
  m_MotionVectors: 1
  m_LightProbeUsage: 1
  m_ReflectionProbeUsage: 1
  m_RenderingLayerMask: 1
  m_RendererPriority: 0
  m_Materials:
  - {fileID: 2100000, guid: 39e9c388d9cbbef40a44ec3c753c9c0b, type: 2}
  m_StaticBatchInfo:
    firstSubMesh: 0
    subMeshCount: 0
  m_StaticBatchRoot: {fileID: 0}
  m_ProbeAnchor: {fileID: 0}
  m_LightProbeVolumeOverride: {fileID: 0}
  m_ScaleInLightmap: 1
  m_ReceiveGI: 1
  m_PreserveUVs: 0
  m_IgnoreNormalsForChartDetection: 0
  m_ImportantGI: 0
  m_StitchLightmapSeams: 1
  m_SelectedEditorRenderState: 3
  m_MinimumChartSize: 4
  m_AutoUVMaxDistance: 0.5
  m_AutoUVMaxAngle: 89
  m_LightmapParameters: {fileID: 0}
  m_SortingLayerID: 0
  m_SortingLayer: 0
  m_SortingOrder: 0
--- !u!33 &1848008353
MeshFilter:
  m_ObjectHideFlags: 0
  m_CorrespondingSourceObject: {fileID: 0}
  m_PrefabInstance: {fileID: 0}
  m_PrefabAsset: {fileID: 0}
  m_GameObject: {fileID: 1848008349}
  m_Mesh: {fileID: 10202, guid: 0000000000000000e000000000000000, type: 0}
--- !u!1 &1953614440
GameObject:
  m_ObjectHideFlags: 0
  m_CorrespondingSourceObject: {fileID: 0}
  m_PrefabInstance: {fileID: 0}
  m_PrefabAsset: {fileID: 0}
  serializedVersion: 6
  m_Component:
  - component: {fileID: 1953614441}
  - component: {fileID: 1953614443}
  - component: {fileID: 1953614442}
  m_Layer: 5
  m_Name: CrossHair
  m_TagString: Untagged
  m_Icon: {fileID: 0}
  m_NavMeshLayer: 0
  m_StaticEditorFlags: 0
  m_IsActive: 1
--- !u!224 &1953614441
RectTransform:
  m_ObjectHideFlags: 0
  m_CorrespondingSourceObject: {fileID: 0}
  m_PrefabInstance: {fileID: 0}
  m_PrefabAsset: {fileID: 0}
  m_GameObject: {fileID: 1953614440}
  m_LocalRotation: {x: 0, y: 0, z: 0.38268343, w: 0.92387956}
  m_LocalPosition: {x: 0, y: 0, z: 0}
  m_LocalScale: {x: 1, y: 1, z: 1}
  m_Children: []
  m_Father: {fileID: 133915744}
  m_RootOrder: 0
  m_LocalEulerAnglesHint: {x: 0, y: 0, z: 45}
  m_AnchorMin: {x: 0.5, y: 0.5}
  m_AnchorMax: {x: 0.5, y: 0.5}
  m_AnchoredPosition: {x: 0, y: 0}
  m_SizeDelta: {x: 30, y: 30}
  m_Pivot: {x: 0.5, y: 0.5}
--- !u!114 &1953614442
MonoBehaviour:
  m_ObjectHideFlags: 0
  m_CorrespondingSourceObject: {fileID: 0}
  m_PrefabInstance: {fileID: 0}
  m_PrefabAsset: {fileID: 0}
  m_GameObject: {fileID: 1953614440}
  m_Enabled: 1
  m_EditorHideFlags: 0
  m_Script: {fileID: 11500000, guid: fe87c0e1cc204ed48ad3b37840f39efc, type: 3}
  m_Name: 
  m_EditorClassIdentifier: 
  m_Material: {fileID: 0}
  m_Color: {r: 0, g: 1, b: 1, a: 1}
  m_RaycastTarget: 1
  m_OnCullStateChanged:
    m_PersistentCalls:
      m_Calls: []
  m_Sprite: {fileID: 21300000, guid: 43274033767546642b788d2bb035041e, type: 3}
  m_Type: 0
  m_PreserveAspect: 0
  m_FillCenter: 1
  m_FillMethod: 4
  m_FillAmount: 1
  m_FillClockwise: 1
  m_FillOrigin: 0
  m_UseSpriteMesh: 0
  m_PixelsPerUnitMultiplier: 1
--- !u!222 &1953614443
CanvasRenderer:
  m_ObjectHideFlags: 0
  m_CorrespondingSourceObject: {fileID: 0}
  m_PrefabInstance: {fileID: 0}
  m_PrefabAsset: {fileID: 0}
  m_GameObject: {fileID: 1953614440}
  m_CullTransparentMesh: 0
--- !u!1 &1983773397
GameObject:
  m_ObjectHideFlags: 0
  m_CorrespondingSourceObject: {fileID: 0}
  m_PrefabInstance: {fileID: 0}
  m_PrefabAsset: {fileID: 0}
  serializedVersion: 6
  m_Component:
  - component: {fileID: 1983773399}
  - component: {fileID: 1983773398}
  m_Layer: 0
  m_Name: GAME
  m_TagString: Untagged
  m_Icon: {fileID: 0}
  m_NavMeshLayer: 0
  m_StaticEditorFlags: 0
  m_IsActive: 1
--- !u!114 &1983773398
MonoBehaviour:
  m_ObjectHideFlags: 0
  m_CorrespondingSourceObject: {fileID: 0}
  m_PrefabInstance: {fileID: 0}
  m_PrefabAsset: {fileID: 0}
  m_GameObject: {fileID: 1983773397}
  m_Enabled: 1
  m_EditorHideFlags: 0
  m_Script: {fileID: 11500000, guid: ea62461b2c12d934485be6f51753f017, type: 3}
  m_Name: 
  m_EditorClassIdentifier: 
  playerUI_1: {fileID: 1601033797}
  playerUI_2: {fileID: 1601033797}
  Lobby: {fileID: 1263394274}
  player1Lives: 10
  player2Lives: 10
  timerGame: 300
  TimerStart: 10
--- !u!4 &1983773399
Transform:
  m_ObjectHideFlags: 0
  m_CorrespondingSourceObject: {fileID: 0}
  m_PrefabInstance: {fileID: 0}
  m_PrefabAsset: {fileID: 0}
  m_GameObject: {fileID: 1983773397}
  m_LocalRotation: {x: 0, y: 0, z: 0, w: 1}
  m_LocalPosition: {x: 0, y: 0, z: 0}
  m_LocalScale: {x: 1, y: 1, z: 1}
  m_Children: []
  m_Father: {fileID: 0}
  m_RootOrder: 16
  m_LocalEulerAnglesHint: {x: 0, y: 0, z: 0}
--- !u!1 &2106866589
GameObject:
  m_ObjectHideFlags: 0
  m_CorrespondingSourceObject: {fileID: 0}
  m_PrefabInstance: {fileID: 0}
  m_PrefabAsset: {fileID: 0}
  serializedVersion: 6
  m_Component:
  - component: {fileID: 2106866593}
  - component: {fileID: 2106866592}
  - component: {fileID: 2106866591}
  - component: {fileID: 2106866590}
  m_Layer: 0
  m_Name: Directional Light
  m_TagString: Untagged
  m_Icon: {fileID: 0}
  m_NavMeshLayer: 0
  m_StaticEditorFlags: 0
  m_IsActive: 1
--- !u!114 &2106866590
MonoBehaviour:
  m_ObjectHideFlags: 0
  m_CorrespondingSourceObject: {fileID: 0}
  m_PrefabInstance: {fileID: 0}
  m_PrefabAsset: {fileID: 0}
  m_GameObject: {fileID: 2106866589}
  m_Enabled: 1
  m_EditorHideFlags: 0
  m_Script: {fileID: 11500000, guid: c6c2871f720b2af4e9210febdac74517, type: 3}
  m_Name: 
  m_EditorClassIdentifier: 
  m_Version: 1
  shadowResolution: 512
  shadowDimmer: 0.692
  volumetricShadowDimmer: 1
  shadowFadeDistance: 10000
  contactShadows: 0
  shadowTint: {r: 0, g: 0, b: 0, a: 1}
  viewBiasMin: 0.2
  viewBiasMax: 100
  viewBiasScale: 1
  normalBiasMin: 0.5
  normalBiasMax: 0.5
  normalBiasScale: 1
  sampleBiasScale: 0
  edgeLeakFixup: 1
  edgeToleranceNormal: 1
  edgeTolerance: 1
  shadowCascadeCount: 4
  shadowCascadeRatios:
  - 0.05
  - 0.2
  - 0.3
  shadowCascadeBorders:
  - 0.2
  - 0.2
  - 0.2
  - 0.2
  shadowAlgorithm: 0
  shadowVariant: 0
  shadowPrecision: 0
--- !u!114 &2106866591
MonoBehaviour:
  m_ObjectHideFlags: 0
  m_CorrespondingSourceObject: {fileID: 0}
  m_PrefabInstance: {fileID: 0}
  m_PrefabAsset: {fileID: 0}
  m_GameObject: {fileID: 2106866589}
  m_Enabled: 1
  m_EditorHideFlags: 0
  m_Script: {fileID: 11500000, guid: 7a68c43fe1f2a47cfa234b5eeaa98012, type: 3}
  m_Name: 
  m_EditorClassIdentifier: 
  version: 5
  m_Version: 5
  directionalIntensity: 3.1415927
  punctualIntensity: 600
  areaIntensity: 200
  enableSpotReflector: 0
  luxAtDistance: 1
  m_InnerSpotPercent: 0
  lightDimmer: 1
  m_VolumetricDimmer: 1
  lightUnit: 2
  fadeDistance: 10000
  affectDiffuse: 1
  affectSpecular: 1
  nonLightmappedOnly: 0
  lightTypeExtent: 0
  m_SpotLightShape: 0
  shapeWidth: 0.5
  shapeHeight: 0.5
  aspectRatio: 1
  shapeRadius: 0
  maxSmoothness: 0.99
  applyRangeAttenuation: 1
  useOldInspector: 0
  useVolumetric: 1
  featuresFoldout: 1
  showAdditionalSettings: 8
  displayLightIntensity: 10000
  displayAreaLightEmissiveMesh: 0
  areaLightCookie: {fileID: 0}
  areaLightShadowCone: 120
  useScreenSpaceShadows: 0
  evsmExponent: 15
  evsmLightLeakBias: 0
  evsmVarianceBias: 0.00001
  evsmBlurPasses: 0
  lightLayers: 1
  lightlayersMask: 1
  linkShadowLayers: 1
  shadowNearPlane: 0.1
  shadowSoftness: 0.5
  blockerSampleCount: 24
  filterSampleCount: 16
  minFilterSize: 0.00001
  kernelSize: 5
  lightAngle: 1
  maxDepthBias: 0.001
--- !u!108 &2106866592
Light:
  m_ObjectHideFlags: 0
  m_CorrespondingSourceObject: {fileID: 0}
  m_PrefabInstance: {fileID: 0}
  m_PrefabAsset: {fileID: 0}
  m_GameObject: {fileID: 2106866589}
  m_Enabled: 1
  serializedVersion: 9
  m_Type: 1
  m_Color: {r: 1, g: 1, b: 1, a: 1}
  m_Intensity: 10000
  m_Range: 10
  m_SpotAngle: 30
  m_InnerSpotAngle: 21.80208
  m_CookieSize: 10
  m_Shadows:
    m_Type: 1
    m_Resolution: -1
    m_CustomResolution: -1
    m_Strength: 1
    m_Bias: 0.05
    m_NormalBias: 0.4
    m_NearPlane: 0.2
    m_CullingMatrixOverride:
      e00: 1
      e01: 0
      e02: 0
      e03: 0
      e10: 0
      e11: 1
      e12: 0
      e13: 0
      e20: 0
      e21: 0
      e22: 1
      e23: 0
      e30: 0
      e31: 0
      e32: 0
      e33: 1
    m_UseCullingMatrixOverride: 0
  m_Cookie: {fileID: 0}
  m_DrawHalo: 0
  m_Flare: {fileID: 0}
  m_RenderMode: 0
  m_CullingMask:
    serializedVersion: 2
    m_Bits: 4294967295
  m_RenderingLayerMask: 1
  m_Lightmapping: 4
  m_LightShadowCasterMode: 2
  m_AreaSize: {x: 1, y: 1}
  m_BounceIntensity: 1
  m_ColorTemperature: 6570
  m_UseColorTemperature: 0
  m_BoundingSphereOverride: {x: 0, y: 0, z: 0, w: 0}
  m_UseBoundingSphereOverride: 0
  m_ShadowRadius: 0
  m_ShadowAngle: 0
--- !u!4 &2106866593
Transform:
  m_ObjectHideFlags: 0
  m_CorrespondingSourceObject: {fileID: 0}
  m_PrefabInstance: {fileID: 0}
  m_PrefabAsset: {fileID: 0}
  m_GameObject: {fileID: 2106866589}
  m_LocalRotation: {x: 0.40821788, y: -0.23456968, z: 0.10938163, w: 0.8754261}
  m_LocalPosition: {x: 0, y: 3, z: 0}
  m_LocalScale: {x: 1, y: 1.0000001, z: 0.99999994}
  m_Children: []
  m_Father: {fileID: 0}
  m_RootOrder: 11
  m_LocalEulerAnglesHint: {x: 50, y: -30, z: 0}
--- !u!1001 &2654291899029751
PrefabInstance:
  m_ObjectHideFlags: 0
  serializedVersion: 2
  m_Modification:
    m_TransformParent: {fileID: 0}
    m_Modifications:
    - target: {fileID: 1567984979268134917, guid: a25b5e346f808a644926cff7807e85dc,
        type: 3}
      propertyPath: m_Name
      value: PlayerUI2
      objectReference: {fileID: 0}
    - target: {fileID: 1567984979268134916, guid: a25b5e346f808a644926cff7807e85dc,
        type: 3}
      propertyPath: m_LocalPosition.x
      value: 0
      objectReference: {fileID: 0}
    - target: {fileID: 1567984979268134916, guid: a25b5e346f808a644926cff7807e85dc,
        type: 3}
      propertyPath: m_LocalPosition.y
      value: 0
      objectReference: {fileID: 0}
    - target: {fileID: 1567984979268134916, guid: a25b5e346f808a644926cff7807e85dc,
        type: 3}
      propertyPath: m_LocalPosition.z
      value: 0
      objectReference: {fileID: 0}
    - target: {fileID: 1567984979268134916, guid: a25b5e346f808a644926cff7807e85dc,
        type: 3}
      propertyPath: m_LocalRotation.x
      value: 0
      objectReference: {fileID: 0}
    - target: {fileID: 1567984979268134916, guid: a25b5e346f808a644926cff7807e85dc,
        type: 3}
      propertyPath: m_LocalRotation.y
      value: 0
      objectReference: {fileID: 0}
    - target: {fileID: 1567984979268134916, guid: a25b5e346f808a644926cff7807e85dc,
        type: 3}
      propertyPath: m_LocalRotation.z
      value: 0
      objectReference: {fileID: 0}
    - target: {fileID: 1567984979268134916, guid: a25b5e346f808a644926cff7807e85dc,
        type: 3}
      propertyPath: m_LocalRotation.w
      value: 1
      objectReference: {fileID: 0}
    - target: {fileID: 1567984979268134916, guid: a25b5e346f808a644926cff7807e85dc,
        type: 3}
      propertyPath: m_RootOrder
      value: 0
      objectReference: {fileID: 0}
    - target: {fileID: 1567984979268134916, guid: a25b5e346f808a644926cff7807e85dc,
        type: 3}
      propertyPath: m_LocalEulerAnglesHint.x
      value: 0
      objectReference: {fileID: 0}
    - target: {fileID: 1567984979268134916, guid: a25b5e346f808a644926cff7807e85dc,
        type: 3}
      propertyPath: m_LocalEulerAnglesHint.y
      value: 0
      objectReference: {fileID: 0}
    - target: {fileID: 1567984979268134916, guid: a25b5e346f808a644926cff7807e85dc,
        type: 3}
      propertyPath: m_LocalEulerAnglesHint.z
      value: 0
      objectReference: {fileID: 0}
    - target: {fileID: 1567984979268134916, guid: a25b5e346f808a644926cff7807e85dc,
        type: 3}
      propertyPath: m_AnchoredPosition.x
      value: 0
      objectReference: {fileID: 0}
    - target: {fileID: 1567984979268134916, guid: a25b5e346f808a644926cff7807e85dc,
        type: 3}
      propertyPath: m_AnchoredPosition.y
      value: 0
      objectReference: {fileID: 0}
    - target: {fileID: 1567984979268134916, guid: a25b5e346f808a644926cff7807e85dc,
        type: 3}
      propertyPath: m_SizeDelta.x
      value: 0
      objectReference: {fileID: 0}
    - target: {fileID: 1567984979268134916, guid: a25b5e346f808a644926cff7807e85dc,
        type: 3}
      propertyPath: m_SizeDelta.y
      value: 0
      objectReference: {fileID: 0}
    - target: {fileID: 1567984979268134916, guid: a25b5e346f808a644926cff7807e85dc,
        type: 3}
      propertyPath: m_AnchorMin.x
      value: 0
      objectReference: {fileID: 0}
    - target: {fileID: 1567984979268134916, guid: a25b5e346f808a644926cff7807e85dc,
        type: 3}
      propertyPath: m_AnchorMin.y
      value: 0
      objectReference: {fileID: 0}
    - target: {fileID: 1567984979268134916, guid: a25b5e346f808a644926cff7807e85dc,
        type: 3}
      propertyPath: m_AnchorMax.x
      value: 0
      objectReference: {fileID: 0}
    - target: {fileID: 1567984979268134916, guid: a25b5e346f808a644926cff7807e85dc,
        type: 3}
      propertyPath: m_AnchorMax.y
      value: 0
      objectReference: {fileID: 0}
    - target: {fileID: 1567984979268134916, guid: a25b5e346f808a644926cff7807e85dc,
        type: 3}
      propertyPath: m_Pivot.x
      value: 0
      objectReference: {fileID: 0}
    - target: {fileID: 1567984979268134916, guid: a25b5e346f808a644926cff7807e85dc,
        type: 3}
      propertyPath: m_Pivot.y
      value: 0
      objectReference: {fileID: 0}
    - target: {fileID: 1567984977892792593, guid: a25b5e346f808a644926cff7807e85dc,
        type: 3}
      propertyPath: m_AnchorMin.y
      value: 0
      objectReference: {fileID: 0}
    - target: {fileID: 1567984977892792593, guid: a25b5e346f808a644926cff7807e85dc,
        type: 3}
      propertyPath: m_AnchorMax.y
      value: 0
      objectReference: {fileID: 0}
    - target: {fileID: 1567984977892792593, guid: a25b5e346f808a644926cff7807e85dc,
        type: 3}
      propertyPath: m_AnchoredPosition.x
      value: 0
      objectReference: {fileID: 0}
    - target: {fileID: 1567984977892792593, guid: a25b5e346f808a644926cff7807e85dc,
        type: 3}
      propertyPath: m_AnchoredPosition.y
      value: 0
      objectReference: {fileID: 0}
    - target: {fileID: 1567984977892792593, guid: a25b5e346f808a644926cff7807e85dc,
        type: 3}
      propertyPath: m_SizeDelta.x
      value: 0
      objectReference: {fileID: 0}
    - target: {fileID: 1567984977892792593, guid: a25b5e346f808a644926cff7807e85dc,
        type: 3}
      propertyPath: m_SizeDelta.y
      value: 0
      objectReference: {fileID: 0}
    - target: {fileID: 1567984977976642259, guid: a25b5e346f808a644926cff7807e85dc,
        type: 3}
      propertyPath: m_AnchorMin.y
      value: 0
      objectReference: {fileID: 0}
    - target: {fileID: 1567984977976642259, guid: a25b5e346f808a644926cff7807e85dc,
        type: 3}
      propertyPath: m_AnchorMax.y
      value: 0
      objectReference: {fileID: 0}
    - target: {fileID: 1567984977976642259, guid: a25b5e346f808a644926cff7807e85dc,
        type: 3}
      propertyPath: m_AnchoredPosition.x
      value: 0
      objectReference: {fileID: 0}
    - target: {fileID: 1567984977976642259, guid: a25b5e346f808a644926cff7807e85dc,
        type: 3}
      propertyPath: m_AnchoredPosition.y
      value: 0
      objectReference: {fileID: 0}
    - target: {fileID: 1567984977976642259, guid: a25b5e346f808a644926cff7807e85dc,
        type: 3}
      propertyPath: m_SizeDelta.x
      value: 0
      objectReference: {fileID: 0}
    - target: {fileID: 1567984977976642259, guid: a25b5e346f808a644926cff7807e85dc,
        type: 3}
      propertyPath: m_SizeDelta.y
      value: 0
      objectReference: {fileID: 0}
    - target: {fileID: 4440844929639560240, guid: a25b5e346f808a644926cff7807e85dc,
        type: 3}
      propertyPath: m_AnchorMin.y
      value: 0
      objectReference: {fileID: 0}
    - target: {fileID: 4440844929639560240, guid: a25b5e346f808a644926cff7807e85dc,
        type: 3}
      propertyPath: m_AnchorMax.y
      value: 0
      objectReference: {fileID: 0}
    - target: {fileID: 4440844929639560240, guid: a25b5e346f808a644926cff7807e85dc,
        type: 3}
      propertyPath: m_AnchoredPosition.x
      value: 0
      objectReference: {fileID: 0}
    - target: {fileID: 4440844929639560240, guid: a25b5e346f808a644926cff7807e85dc,
        type: 3}
      propertyPath: m_AnchoredPosition.y
      value: 0
      objectReference: {fileID: 0}
    - target: {fileID: 4440844929639560240, guid: a25b5e346f808a644926cff7807e85dc,
        type: 3}
      propertyPath: m_SizeDelta.x
      value: 0
      objectReference: {fileID: 0}
    - target: {fileID: 4440844929639560240, guid: a25b5e346f808a644926cff7807e85dc,
        type: 3}
      propertyPath: m_SizeDelta.y
      value: 0
      objectReference: {fileID: 0}
    - target: {fileID: 4440844929308276838, guid: a25b5e346f808a644926cff7807e85dc,
        type: 3}
      propertyPath: m_textInfo.characterCount
      value: 16
      objectReference: {fileID: 0}
    - target: {fileID: 4440844929308276838, guid: a25b5e346f808a644926cff7807e85dc,
        type: 3}
      propertyPath: m_textInfo.spaceCount
      value: 3
      objectReference: {fileID: 0}
    - target: {fileID: 4440844929308276838, guid: a25b5e346f808a644926cff7807e85dc,
        type: 3}
      propertyPath: m_textInfo.wordCount
      value: 4
      objectReference: {fileID: 0}
    - target: {fileID: 4440844929308276838, guid: a25b5e346f808a644926cff7807e85dc,
        type: 3}
      propertyPath: m_textInfo.lineCount
      value: 1
      objectReference: {fileID: 0}
    - target: {fileID: 4440844929308276838, guid: a25b5e346f808a644926cff7807e85dc,
        type: 3}
      propertyPath: m_textInfo.pageCount
      value: 1
      objectReference: {fileID: 0}
    - target: {fileID: 1567984978900497147, guid: a25b5e346f808a644926cff7807e85dc,
        type: 3}
      propertyPath: m_textInfo.characterCount
      value: 5
      objectReference: {fileID: 0}
    - target: {fileID: 1567984978900497147, guid: a25b5e346f808a644926cff7807e85dc,
        type: 3}
      propertyPath: m_textInfo.wordCount
      value: 2
      objectReference: {fileID: 0}
    - target: {fileID: 1567984978900497147, guid: a25b5e346f808a644926cff7807e85dc,
        type: 3}
      propertyPath: m_textInfo.lineCount
      value: 1
      objectReference: {fileID: 0}
    - target: {fileID: 1567984978900497147, guid: a25b5e346f808a644926cff7807e85dc,
        type: 3}
      propertyPath: m_textInfo.pageCount
      value: 1
      objectReference: {fileID: 0}
    - target: {fileID: 1567984978903622831, guid: a25b5e346f808a644926cff7807e85dc,
        type: 3}
      propertyPath: m_textInfo.characterCount
      value: 5
      objectReference: {fileID: 0}
    - target: {fileID: 1567984978903622831, guid: a25b5e346f808a644926cff7807e85dc,
        type: 3}
      propertyPath: m_textInfo.wordCount
      value: 2
      objectReference: {fileID: 0}
    - target: {fileID: 1567984978903622831, guid: a25b5e346f808a644926cff7807e85dc,
        type: 3}
      propertyPath: m_textInfo.lineCount
      value: 1
      objectReference: {fileID: 0}
    - target: {fileID: 1567984978903622831, guid: a25b5e346f808a644926cff7807e85dc,
        type: 3}
      propertyPath: m_textInfo.pageCount
      value: 1
      objectReference: {fileID: 0}
    - target: {fileID: 1567984979039913719, guid: a25b5e346f808a644926cff7807e85dc,
        type: 3}
      propertyPath: m_textInfo.characterCount
      value: 8
      objectReference: {fileID: 0}
    - target: {fileID: 1567984979039913719, guid: a25b5e346f808a644926cff7807e85dc,
        type: 3}
      propertyPath: m_textInfo.spaceCount
      value: 2
      objectReference: {fileID: 0}
    - target: {fileID: 1567984979039913719, guid: a25b5e346f808a644926cff7807e85dc,
        type: 3}
      propertyPath: m_textInfo.wordCount
      value: 2
      objectReference: {fileID: 0}
    - target: {fileID: 1567984979039913719, guid: a25b5e346f808a644926cff7807e85dc,
        type: 3}
      propertyPath: m_textInfo.lineCount
      value: 2
      objectReference: {fileID: 0}
    - target: {fileID: 1567984979039913719, guid: a25b5e346f808a644926cff7807e85dc,
        type: 3}
      propertyPath: m_textInfo.pageCount
      value: 1
      objectReference: {fileID: 0}
    - target: {fileID: 1567984978005963786, guid: a25b5e346f808a644926cff7807e85dc,
        type: 3}
      propertyPath: m_textInfo.characterCount
      value: 2
      objectReference: {fileID: 0}
    - target: {fileID: 1567984978005963786, guid: a25b5e346f808a644926cff7807e85dc,
        type: 3}
      propertyPath: m_textInfo.wordCount
      value: 1
      objectReference: {fileID: 0}
    - target: {fileID: 1567984978005963786, guid: a25b5e346f808a644926cff7807e85dc,
        type: 3}
      propertyPath: m_textInfo.lineCount
      value: 1
      objectReference: {fileID: 0}
    - target: {fileID: 1567984978005963786, guid: a25b5e346f808a644926cff7807e85dc,
        type: 3}
      propertyPath: m_textInfo.pageCount
      value: 1
      objectReference: {fileID: 0}
    - target: {fileID: 1567984979383668350, guid: a25b5e346f808a644926cff7807e85dc,
        type: 3}
      propertyPath: m_textInfo.characterCount
      value: 2
      objectReference: {fileID: 0}
    - target: {fileID: 1567984979383668350, guid: a25b5e346f808a644926cff7807e85dc,
        type: 3}
      propertyPath: m_textInfo.wordCount
      value: 1
      objectReference: {fileID: 0}
    - target: {fileID: 1567984979383668350, guid: a25b5e346f808a644926cff7807e85dc,
        type: 3}
      propertyPath: m_textInfo.lineCount
      value: 1
      objectReference: {fileID: 0}
    - target: {fileID: 1567984979383668350, guid: a25b5e346f808a644926cff7807e85dc,
        type: 3}
      propertyPath: m_textInfo.pageCount
      value: 1
      objectReference: {fileID: 0}
    - target: {fileID: 1567984978620028859, guid: a25b5e346f808a644926cff7807e85dc,
        type: 3}
      propertyPath: m_textInfo.characterCount
      value: 3
      objectReference: {fileID: 0}
    - target: {fileID: 1567984978620028859, guid: a25b5e346f808a644926cff7807e85dc,
        type: 3}
      propertyPath: m_textInfo.wordCount
      value: 1
      objectReference: {fileID: 0}
    - target: {fileID: 1567984978620028859, guid: a25b5e346f808a644926cff7807e85dc,
        type: 3}
      propertyPath: m_textInfo.lineCount
      value: 1
      objectReference: {fileID: 0}
    - target: {fileID: 1567984978620028859, guid: a25b5e346f808a644926cff7807e85dc,
        type: 3}
      propertyPath: m_textInfo.pageCount
      value: 1
      objectReference: {fileID: 0}
    - target: {fileID: 1567984978955102243, guid: a25b5e346f808a644926cff7807e85dc,
        type: 3}
      propertyPath: m_textInfo.characterCount
      value: 3
      objectReference: {fileID: 0}
    - target: {fileID: 1567984978955102243, guid: a25b5e346f808a644926cff7807e85dc,
        type: 3}
      propertyPath: m_textInfo.wordCount
      value: 1
      objectReference: {fileID: 0}
    - target: {fileID: 1567984978955102243, guid: a25b5e346f808a644926cff7807e85dc,
        type: 3}
      propertyPath: m_textInfo.lineCount
      value: 1
      objectReference: {fileID: 0}
    - target: {fileID: 1567984978955102243, guid: a25b5e346f808a644926cff7807e85dc,
        type: 3}
      propertyPath: m_textInfo.pageCount
      value: 1
      objectReference: {fileID: 0}
    - target: {fileID: 4440844929806171027, guid: a25b5e346f808a644926cff7807e85dc,
        type: 3}
      propertyPath: m_textInfo.characterCount
      value: 3
      objectReference: {fileID: 0}
    - target: {fileID: 4440844929806171027, guid: a25b5e346f808a644926cff7807e85dc,
        type: 3}
      propertyPath: m_textInfo.wordCount
      value: 1
      objectReference: {fileID: 0}
    - target: {fileID: 4440844929806171027, guid: a25b5e346f808a644926cff7807e85dc,
        type: 3}
      propertyPath: m_textInfo.lineCount
      value: 1
      objectReference: {fileID: 0}
    - target: {fileID: 4440844929806171027, guid: a25b5e346f808a644926cff7807e85dc,
        type: 3}
      propertyPath: m_textInfo.pageCount
      value: 1
      objectReference: {fileID: 0}
    m_RemovedComponents: []
  m_SourcePrefab: {fileID: 100100000, guid: a25b5e346f808a644926cff7807e85dc, type: 3}
--- !u!114 &2654291899029752 stripped
MonoBehaviour:
  m_CorrespondingSourceObject: {fileID: 4440844929308276838, guid: a25b5e346f808a644926cff7807e85dc,
    type: 3}
  m_PrefabInstance: {fileID: 2654291899029751}
  m_PrefabAsset: {fileID: 0}
  m_GameObject: {fileID: 0}
  m_Enabled: 1
  m_EditorHideFlags: 0
  m_Script: {fileID: 11500000, guid: f4688fdb7df04437aeb418b961361dc5, type: 3}
  m_Name: 
  m_EditorClassIdentifier: 
--- !u!1 &2654291899029753 stripped
GameObject:
  m_CorrespondingSourceObject: {fileID: 4440844929399217618, guid: a25b5e346f808a644926cff7807e85dc,
    type: 3}
  m_PrefabInstance: {fileID: 2654291899029751}
  m_PrefabAsset: {fileID: 0}
--- !u!1 &2654291899029754 stripped
GameObject:
  m_CorrespondingSourceObject: {fileID: 1567984979268134917, guid: a25b5e346f808a644926cff7807e85dc,
    type: 3}
  m_PrefabInstance: {fileID: 2654291899029751}
  m_PrefabAsset: {fileID: 0}
--- !u!1001 &2049992491924555026
PrefabInstance:
  m_ObjectHideFlags: 0
  serializedVersion: 2
  m_Modification:
    m_TransformParent: {fileID: 0}
    m_Modifications:
    - target: {fileID: 2049992490323928184, guid: 118745d17ec429d4184c37804c0d4a7d,
        type: 3}
      propertyPath: m_Name
      value: Pools
      objectReference: {fileID: 0}
    - target: {fileID: 2049992490323928185, guid: 118745d17ec429d4184c37804c0d4a7d,
        type: 3}
      propertyPath: m_LocalPosition.x
      value: 3.16
      objectReference: {fileID: 0}
    - target: {fileID: 2049992490323928185, guid: 118745d17ec429d4184c37804c0d4a7d,
        type: 3}
      propertyPath: m_LocalPosition.y
      value: 1
      objectReference: {fileID: 0}
    - target: {fileID: 2049992490323928185, guid: 118745d17ec429d4184c37804c0d4a7d,
        type: 3}
      propertyPath: m_LocalPosition.z
      value: 5.43
      objectReference: {fileID: 0}
    - target: {fileID: 2049992490323928185, guid: 118745d17ec429d4184c37804c0d4a7d,
        type: 3}
      propertyPath: m_LocalRotation.x
      value: 0
      objectReference: {fileID: 0}
    - target: {fileID: 2049992490323928185, guid: 118745d17ec429d4184c37804c0d4a7d,
        type: 3}
      propertyPath: m_LocalRotation.y
      value: 0
      objectReference: {fileID: 0}
    - target: {fileID: 2049992490323928185, guid: 118745d17ec429d4184c37804c0d4a7d,
        type: 3}
      propertyPath: m_LocalRotation.z
      value: 0
      objectReference: {fileID: 0}
    - target: {fileID: 2049992490323928185, guid: 118745d17ec429d4184c37804c0d4a7d,
        type: 3}
      propertyPath: m_LocalRotation.w
      value: 1
      objectReference: {fileID: 0}
    - target: {fileID: 2049992490323928185, guid: 118745d17ec429d4184c37804c0d4a7d,
        type: 3}
      propertyPath: m_RootOrder
      value: 8
      objectReference: {fileID: 0}
    - target: {fileID: 2049992490323928185, guid: 118745d17ec429d4184c37804c0d4a7d,
        type: 3}
      propertyPath: m_LocalEulerAnglesHint.x
      value: 0
      objectReference: {fileID: 0}
    - target: {fileID: 2049992490323928185, guid: 118745d17ec429d4184c37804c0d4a7d,
        type: 3}
      propertyPath: m_LocalEulerAnglesHint.y
      value: 0
      objectReference: {fileID: 0}
    - target: {fileID: 2049992490323928185, guid: 118745d17ec429d4184c37804c0d4a7d,
        type: 3}
      propertyPath: m_LocalEulerAnglesHint.z
      value: 0
      objectReference: {fileID: 0}
    m_RemovedComponents: []
  m_SourcePrefab: {fileID: 100100000, guid: 118745d17ec429d4184c37804c0d4a7d, type: 3}
--- !u!114 &2049992491924555027 stripped
MonoBehaviour:
  m_CorrespondingSourceObject: {fileID: 2103403972410518329, guid: 118745d17ec429d4184c37804c0d4a7d,
    type: 3}
  m_PrefabInstance: {fileID: 2049992491924555026}
  m_PrefabAsset: {fileID: 0}
  m_GameObject: {fileID: 0}
  m_Enabled: 1
  m_EditorHideFlags: 0
  m_Script: {fileID: 11500000, guid: 88fee5650b21c614a8ebc1a72e7cf9f4, type: 3}
  m_Name: 
  m_EditorClassIdentifier: 
--- !u!1001 &2140018426374576772
PrefabInstance:
  m_ObjectHideFlags: 0
  serializedVersion: 2
  m_Modification:
    m_TransformParent: {fileID: 0}
    m_Modifications:
    - target: {fileID: 3060436132932612946, guid: d1f211a6f2dc12d4a9d091edfd51e3ab,
        type: 3}
      propertyPath: m_Name
      value: AmmoPad_LongShot
      objectReference: {fileID: 0}
    - target: {fileID: 3060436132932612951, guid: d1f211a6f2dc12d4a9d091edfd51e3ab,
        type: 3}
      propertyPath: m_LocalPosition.x
      value: 13.39
      objectReference: {fileID: 0}
    - target: {fileID: 3060436132932612951, guid: d1f211a6f2dc12d4a9d091edfd51e3ab,
        type: 3}
      propertyPath: m_LocalPosition.y
      value: -0.100000024
      objectReference: {fileID: 0}
    - target: {fileID: 3060436132932612951, guid: d1f211a6f2dc12d4a9d091edfd51e3ab,
        type: 3}
      propertyPath: m_LocalPosition.z
      value: 6.5
      objectReference: {fileID: 0}
    - target: {fileID: 3060436132932612951, guid: d1f211a6f2dc12d4a9d091edfd51e3ab,
        type: 3}
      propertyPath: m_LocalRotation.x
      value: 0
      objectReference: {fileID: 0}
    - target: {fileID: 3060436132932612951, guid: d1f211a6f2dc12d4a9d091edfd51e3ab,
        type: 3}
      propertyPath: m_LocalRotation.y
      value: 0.40316203
      objectReference: {fileID: 0}
    - target: {fileID: 3060436132932612951, guid: d1f211a6f2dc12d4a9d091edfd51e3ab,
        type: 3}
      propertyPath: m_LocalRotation.z
      value: 0
      objectReference: {fileID: 0}
    - target: {fileID: 3060436132932612951, guid: d1f211a6f2dc12d4a9d091edfd51e3ab,
        type: 3}
      propertyPath: m_LocalRotation.w
      value: 0.91512865
      objectReference: {fileID: 0}
    - target: {fileID: 3060436132932612951, guid: d1f211a6f2dc12d4a9d091edfd51e3ab,
        type: 3}
      propertyPath: m_RootOrder
      value: 6
      objectReference: {fileID: 0}
    - target: {fileID: 3060436132932612951, guid: d1f211a6f2dc12d4a9d091edfd51e3ab,
        type: 3}
      propertyPath: m_LocalEulerAnglesHint.x
      value: 0
      objectReference: {fileID: 0}
    - target: {fileID: 3060436132932612951, guid: d1f211a6f2dc12d4a9d091edfd51e3ab,
        type: 3}
      propertyPath: m_LocalEulerAnglesHint.y
      value: 47.552002
      objectReference: {fileID: 0}
    - target: {fileID: 3060436132932612951, guid: d1f211a6f2dc12d4a9d091edfd51e3ab,
        type: 3}
      propertyPath: m_LocalEulerAnglesHint.z
      value: 0
      objectReference: {fileID: 0}
    m_RemovedComponents: []
  m_SourcePrefab: {fileID: 100100000, guid: d1f211a6f2dc12d4a9d091edfd51e3ab, type: 3}
--- !u!1001 &3300168818857909876
PrefabInstance:
  m_ObjectHideFlags: 0
  serializedVersion: 2
  m_Modification:
    m_TransformParent: {fileID: 0}
    m_Modifications:
    - target: {fileID: 3300168819816082183, guid: 2a774b7c12bb2664ba9ae267cea71a96,
        type: 3}
      propertyPath: m_Name
      value: PlayerPrefab(almostFinished)
      objectReference: {fileID: 0}
    - target: {fileID: 16282713605644159, guid: 2a774b7c12bb2664ba9ae267cea71a96,
        type: 3}
      propertyPath: VictoryUI
      value: 
      objectReference: {fileID: 1408106256}
    - target: {fileID: 16282713605644159, guid: 2a774b7c12bb2664ba9ae267cea71a96,
        type: 3}
      propertyPath: GameOverUI
      value: 
      objectReference: {fileID: 1408106257}
    - target: {fileID: 16282713605644159, guid: 2a774b7c12bb2664ba9ae267cea71a96,
        type: 3}
      propertyPath: Menu
      value: 
      objectReference: {fileID: 1408106255}
    - target: {fileID: 3300168819816082178, guid: 2a774b7c12bb2664ba9ae267cea71a96,
        type: 3}
      propertyPath: m_LocalPosition.x
      value: 3.16
      objectReference: {fileID: 0}
    - target: {fileID: 3300168819816082178, guid: 2a774b7c12bb2664ba9ae267cea71a96,
        type: 3}
      propertyPath: m_LocalPosition.y
      value: 0
      objectReference: {fileID: 0}
    - target: {fileID: 3300168819816082178, guid: 2a774b7c12bb2664ba9ae267cea71a96,
        type: 3}
      propertyPath: m_LocalPosition.z
      value: 5.43
      objectReference: {fileID: 0}
    - target: {fileID: 3300168819816082178, guid: 2a774b7c12bb2664ba9ae267cea71a96,
        type: 3}
      propertyPath: m_LocalRotation.x
      value: 0
      objectReference: {fileID: 0}
    - target: {fileID: 3300168819816082178, guid: 2a774b7c12bb2664ba9ae267cea71a96,
        type: 3}
      propertyPath: m_LocalRotation.y
      value: 1
      objectReference: {fileID: 0}
    - target: {fileID: 3300168819816082178, guid: 2a774b7c12bb2664ba9ae267cea71a96,
        type: 3}
      propertyPath: m_LocalRotation.z
      value: 0
      objectReference: {fileID: 0}
    - target: {fileID: 3300168819816082178, guid: 2a774b7c12bb2664ba9ae267cea71a96,
        type: 3}
      propertyPath: m_LocalRotation.w
      value: 0
      objectReference: {fileID: 0}
    - target: {fileID: 3300168819816082178, guid: 2a774b7c12bb2664ba9ae267cea71a96,
        type: 3}
      propertyPath: m_RootOrder
      value: 15
      objectReference: {fileID: 0}
    - target: {fileID: 3300168819816082178, guid: 2a774b7c12bb2664ba9ae267cea71a96,
        type: 3}
      propertyPath: m_LocalEulerAnglesHint.x
      value: 0
      objectReference: {fileID: 0}
    - target: {fileID: 3300168819816082178, guid: 2a774b7c12bb2664ba9ae267cea71a96,
        type: 3}
      propertyPath: m_LocalEulerAnglesHint.y
      value: 180
      objectReference: {fileID: 0}
    - target: {fileID: 3300168819816082178, guid: 2a774b7c12bb2664ba9ae267cea71a96,
        type: 3}
      propertyPath: m_LocalEulerAnglesHint.z
      value: 0
      objectReference: {fileID: 0}
    - target: {fileID: 3300168819816082190, guid: 2a774b7c12bb2664ba9ae267cea71a96,
        type: 3}
      propertyPath: weaponparticleEffectsPools
      value: 
      objectReference: {fileID: 1620599148}
    - target: {fileID: 3300168819816082191, guid: 2a774b7c12bb2664ba9ae267cea71a96,
        type: 3}
      propertyPath: game
      value: 
      objectReference: {fileID: 1983773398}
    - target: {fileID: 3300168819816082191, guid: 2a774b7c12bb2664ba9ae267cea71a96,
        type: 3}
      propertyPath: wC
      value: 
      objectReference: {fileID: 2049992491924555027}
    - target: {fileID: 5923455993075510859, guid: 2a774b7c12bb2664ba9ae267cea71a96,
        type: 3}
      propertyPath: m_LocalPosition.z
      value: 0
      objectReference: {fileID: 0}
    - target: {fileID: 5923455995046114791, guid: 2a774b7c12bb2664ba9ae267cea71a96,
        type: 3}
      propertyPath: m_AnchorMin.y
      value: 0
      objectReference: {fileID: 0}
    - target: {fileID: 5923455995046114791, guid: 2a774b7c12bb2664ba9ae267cea71a96,
        type: 3}
      propertyPath: m_AnchorMax.y
      value: 0
      objectReference: {fileID: 0}
    - target: {fileID: 5923455995046114791, guid: 2a774b7c12bb2664ba9ae267cea71a96,
        type: 3}
      propertyPath: m_AnchoredPosition.x
      value: 0
      objectReference: {fileID: 0}
    - target: {fileID: 5923455995046114791, guid: 2a774b7c12bb2664ba9ae267cea71a96,
        type: 3}
      propertyPath: m_AnchoredPosition.y
      value: 0
      objectReference: {fileID: 0}
    - target: {fileID: 5923455995046114791, guid: 2a774b7c12bb2664ba9ae267cea71a96,
        type: 3}
      propertyPath: m_SizeDelta.x
      value: 0
      objectReference: {fileID: 0}
    - target: {fileID: 5923455995046114791, guid: 2a774b7c12bb2664ba9ae267cea71a96,
        type: 3}
      propertyPath: m_SizeDelta.y
      value: 0
      objectReference: {fileID: 0}
    - target: {fileID: 5923455994442832268, guid: 2a774b7c12bb2664ba9ae267cea71a96,
        type: 3}
      propertyPath: m_AnchorMin.y
      value: 0
      objectReference: {fileID: 0}
    - target: {fileID: 5923455994442832268, guid: 2a774b7c12bb2664ba9ae267cea71a96,
        type: 3}
      propertyPath: m_AnchorMax.y
      value: 0
      objectReference: {fileID: 0}
    - target: {fileID: 5923455994442832268, guid: 2a774b7c12bb2664ba9ae267cea71a96,
        type: 3}
      propertyPath: m_AnchoredPosition.x
      value: 0
      objectReference: {fileID: 0}
    - target: {fileID: 5923455994442832268, guid: 2a774b7c12bb2664ba9ae267cea71a96,
        type: 3}
      propertyPath: m_AnchoredPosition.y
      value: 0
      objectReference: {fileID: 0}
    - target: {fileID: 5923455994442832268, guid: 2a774b7c12bb2664ba9ae267cea71a96,
        type: 3}
      propertyPath: m_SizeDelta.x
      value: 0
      objectReference: {fileID: 0}
    - target: {fileID: 5923455994442832268, guid: 2a774b7c12bb2664ba9ae267cea71a96,
        type: 3}
      propertyPath: m_SizeDelta.y
      value: 0
      objectReference: {fileID: 0}
    - target: {fileID: 1181329523757908263, guid: 2a774b7c12bb2664ba9ae267cea71a96,
        type: 3}
      propertyPath: m_AnchorMin.y
      value: 0
      objectReference: {fileID: 0}
    - target: {fileID: 1181329523757908263, guid: 2a774b7c12bb2664ba9ae267cea71a96,
        type: 3}
      propertyPath: m_AnchorMax.y
      value: 0
      objectReference: {fileID: 0}
    - target: {fileID: 1181329523757908263, guid: 2a774b7c12bb2664ba9ae267cea71a96,
        type: 3}
      propertyPath: m_AnchoredPosition.x
      value: 0
      objectReference: {fileID: 0}
    - target: {fileID: 1181329523757908263, guid: 2a774b7c12bb2664ba9ae267cea71a96,
        type: 3}
      propertyPath: m_AnchoredPosition.y
      value: 0
      objectReference: {fileID: 0}
    - target: {fileID: 1181329523757908263, guid: 2a774b7c12bb2664ba9ae267cea71a96,
        type: 3}
      propertyPath: m_SizeDelta.x
      value: 0
      objectReference: {fileID: 0}
    - target: {fileID: 1181329523757908263, guid: 2a774b7c12bb2664ba9ae267cea71a96,
        type: 3}
      propertyPath: m_SizeDelta.y
      value: 0
      objectReference: {fileID: 0}
    - target: {fileID: 1181329523423457420, guid: 2a774b7c12bb2664ba9ae267cea71a96,
        type: 3}
      propertyPath: m_AnchoredPosition.y
      value: -57.30005
      objectReference: {fileID: 0}
    m_RemovedComponents:
    - {fileID: 3300168819816082186, guid: 2a774b7c12bb2664ba9ae267cea71a96, type: 3}
  m_SourcePrefab: {fileID: 100100000, guid: 2a774b7c12bb2664ba9ae267cea71a96, type: 3}
--- !u!114 &3300168818857909877 stripped
MonoBehaviour:
  m_CorrespondingSourceObject: {fileID: 3300168819816082191, guid: 2a774b7c12bb2664ba9ae267cea71a96,
    type: 3}
  m_PrefabInstance: {fileID: 3300168818857909876}
  m_PrefabAsset: {fileID: 0}
  m_GameObject: {fileID: 0}
  m_Enabled: 1
  m_EditorHideFlags: 0
  m_Script: {fileID: 11500000, guid: e5af49fa4bdc0854981798c7472b7c92, type: 3}
  m_Name: 
  m_EditorClassIdentifier: 
--- !u!114 &3439186267576146124 stripped
MonoBehaviour:
  m_CorrespondingSourceObject: {fileID: 1181329522716755520, guid: 2a774b7c12bb2664ba9ae267cea71a96,
    type: 3}
  m_PrefabInstance: {fileID: 3300168818857909876}
  m_PrefabAsset: {fileID: 0}
  m_GameObject: {fileID: 0}
  m_Enabled: 1
  m_EditorHideFlags: 0
  m_Script: {fileID: 11500000, guid: f4688fdb7df04437aeb418b961361dc5, type: 3}
  m_Name: 
  m_EditorClassIdentifier: 
--- !u!1 &3439186267576146125 stripped
GameObject:
  m_CorrespondingSourceObject: {fileID: 1181329523423457423, guid: 2a774b7c12bb2664ba9ae267cea71a96,
    type: 3}
  m_PrefabInstance: {fileID: 3300168818857909876}
  m_PrefabAsset: {fileID: 0}
--- !u!1 &3439186267576146126 stripped
GameObject:
  m_CorrespondingSourceObject: {fileID: 5923455993075510858, guid: 2a774b7c12bb2664ba9ae267cea71a96,
    type: 3}
  m_PrefabInstance: {fileID: 3300168818857909876}
  m_PrefabAsset: {fileID: 0}
--- !u!1001 &7971048094658755195
PrefabInstance:
  m_ObjectHideFlags: 0
  serializedVersion: 2
  m_Modification:
    m_TransformParent: {fileID: 0}
    m_Modifications:
    - target: {fileID: 8054116954544011107, guid: cbe0ad011d532a94e9aadbea2511e3bb,
        type: 3}
      propertyPath: m_Name
      value: Crystal
      objectReference: {fileID: 0}
    - target: {fileID: 6457776394358031728, guid: cbe0ad011d532a94e9aadbea2511e3bb,
        type: 3}
      propertyPath: m_LocalPosition.x
      value: 1.6206422
      objectReference: {fileID: 0}
    - target: {fileID: 6457776394358031728, guid: cbe0ad011d532a94e9aadbea2511e3bb,
        type: 3}
      propertyPath: m_LocalPosition.y
      value: 0.023
      objectReference: {fileID: 0}
    - target: {fileID: 6457776394358031728, guid: cbe0ad011d532a94e9aadbea2511e3bb,
        type: 3}
      propertyPath: m_LocalPosition.z
      value: -8.22
      objectReference: {fileID: 0}
    - target: {fileID: 6457776394358031728, guid: cbe0ad011d532a94e9aadbea2511e3bb,
        type: 3}
      propertyPath: m_LocalRotation.x
      value: -0.7071068
      objectReference: {fileID: 0}
    - target: {fileID: 6457776394358031728, guid: cbe0ad011d532a94e9aadbea2511e3bb,
        type: 3}
      propertyPath: m_LocalRotation.y
      value: 0
      objectReference: {fileID: 0}
    - target: {fileID: 6457776394358031728, guid: cbe0ad011d532a94e9aadbea2511e3bb,
        type: 3}
      propertyPath: m_LocalRotation.z
      value: 0
      objectReference: {fileID: 0}
    - target: {fileID: 6457776394358031728, guid: cbe0ad011d532a94e9aadbea2511e3bb,
        type: 3}
      propertyPath: m_LocalRotation.w
      value: 0.7071068
      objectReference: {fileID: 0}
    - target: {fileID: 6457776394358031728, guid: cbe0ad011d532a94e9aadbea2511e3bb,
        type: 3}
      propertyPath: m_RootOrder
      value: 9
      objectReference: {fileID: 0}
    - target: {fileID: 6457776394358031728, guid: cbe0ad011d532a94e9aadbea2511e3bb,
        type: 3}
      propertyPath: m_LocalEulerAnglesHint.x
      value: -90
      objectReference: {fileID: 0}
    - target: {fileID: 6457776394358031728, guid: cbe0ad011d532a94e9aadbea2511e3bb,
        type: 3}
      propertyPath: m_LocalEulerAnglesHint.y
      value: 0
      objectReference: {fileID: 0}
    - target: {fileID: 6457776394358031728, guid: cbe0ad011d532a94e9aadbea2511e3bb,
        type: 3}
      propertyPath: m_LocalEulerAnglesHint.z
      value: 0
      objectReference: {fileID: 0}
    m_RemovedComponents: []
  m_SourcePrefab: {fileID: 100100000, guid: cbe0ad011d532a94e9aadbea2511e3bb, type: 3}
