%YAML 1.1
%TAG !u! tag:unity3d.com,2011:
--- !u!243 &-92562143939721148
AudioMixerGroupController:
  m_ObjectHideFlags: 0
  m_CorrespondingSourceObject: {fileID: 0}
  m_PrefabInstance: {fileID: 0}
  m_PrefabAsset: {fileID: 0}
  m_Name: New Group
  m_AudioMixer: {fileID: 24100000}
  m_GroupID: 226d495e2afef374d8918dcdc591631d
  m_Children: []
  m_Volume: 1b673aed667e8ee41881348eb2f59398
  m_Pitch: fbb3df2258346a645a317eb721b708e0
  m_Send: 00000000000000000000000000000000
  m_Effects:
  - {fileID: 8972049826434512430}
  m_UserColorIndex: 0
  m_Mute: 0
  m_Solo: 0
  m_BypassEffects: 0
--- !u!241 &24100000
AudioMixerController:
  m_ObjectHideFlags: 0
  m_CorrespondingSourceObject: {fileID: 0}
  m_PrefabInstance: {fileID: 0}
  m_PrefabAsset: {fileID: 0}
  m_Name: Test
  m_OutputGroup: {fileID: 0}
  m_MasterGroup: {fileID: 24300002}
  m_Snapshots:
  - {fileID: 24500006}
  m_StartSnapshot: {fileID: 24500006}
  m_SuspendThreshold: -80
  m_EnableSuspend: 1
  m_UpdateMode: 0
  m_ExposedParameters: []
  m_AudioMixerGroupViews:
  - guids:
    - 016889017bc31a842af2e73976244df5
    - 226d495e2afef374d8918dcdc591631d
    name: View
  m_CurrentViewIndex: 0
  m_TargetSnapshot: {fileID: 24500006}
--- !u!243 &24300002
AudioMixerGroupController:
  m_ObjectHideFlags: 0
  m_CorrespondingSourceObject: {fileID: 0}
  m_PrefabInstance: {fileID: 0}
  m_PrefabAsset: {fileID: 0}
  m_Name: Master
  m_AudioMixer: {fileID: 24100000}
  m_GroupID: 016889017bc31a842af2e73976244df5
  m_Children:
  - {fileID: -92562143939721148}
  m_Volume: af9f7bf8b3988df4e93ec4273306b7cf
  m_Pitch: 71022c633de3f38449a6f4a7bc7161d6
  m_Send: 00000000000000000000000000000000
  m_Effects:
  - {fileID: 24400004}
  m_UserColorIndex: 5
  m_Mute: 0
  m_Solo: 0
  m_BypassEffects: 0
--- !u!244 &24400004
AudioMixerEffectController:
  m_ObjectHideFlags: 3
  m_CorrespondingSourceObject: {fileID: 0}
  m_PrefabInstance: {fileID: 0}
  m_PrefabAsset: {fileID: 0}
  m_Name: 
  m_EffectID: a734328cac7616d4fae10f85b8c65345
  m_EffectName: Attenuation
  m_MixLevel: 4bc3a4aa366f6304a953a3dc737c5e93
  m_Parameters: []
  m_SendTarget: {fileID: 0}
  m_EnableWetMix: 0
  m_Bypass: 0
--- !u!245 &24500006
AudioMixerSnapshotController:
  m_ObjectHideFlags: 0
  m_CorrespondingSourceObject: {fileID: 0}
  m_PrefabInstance: {fileID: 0}
  m_PrefabAsset: {fileID: 0}
  m_Name: Snapshot
  m_AudioMixer: {fileID: 24100000}
  m_SnapshotID: 28de443116fdc0947ae3bf2fc40acadf
  m_FloatValues:
    81b8e840cc6bfb74ea7145d2b6794c78: 1.06
    66903a210ffe8ad409630ad89a4d4916: 1
    71022c633de3f38449a6f4a7bc7161d6: 0.64
    4626cdd326e77474d95bc8d8c7dff415: 5338
    2b8b4fd495af4714a8023ef8f0239679: -80
    251e9e153809caa49a8b165526629d4c: 10
    3ee78695db3b75c4da2eea06f6592e0e: 137
    af9f7bf8b3988df4e93ec4273306b7cf: -12.66575
    85a8577b99ec4a74db3df9605b58d787: 10
    452e7d0d27d951640b5229bc1a7e1b2d: 1402
    1389f26dc9f7b1c47b0aae5ac91e967e: 0
    1b673aed667e8ee41881348eb2f59398: -13.637256
    a571571e15ce25a409fb3b9608a87599: 16165
    cdb6fb5e447f52a458822264c17f4ef6: 0
    cd059bceccbeb724e89c470ce9113bdb: 0.237
  m_TransitionOverrides: {}
--- !u!244 &8972049826434512430
AudioMixerEffectController:
  m_ObjectHideFlags: 3
  m_CorrespondingSourceObject: {fileID: 0}
  m_PrefabInstance: {fileID: 0}
  m_PrefabAsset: {fileID: 0}
  m_Name: 
  m_EffectID: dc6b4aec8c2e3ca44a85ec9afc1bc1f9
  m_EffectName: Attenuation
  m_MixLevel: f4bee396cc6ceed42ade3c917d92bf64
  m_Parameters: []
  m_SendTarget: {fileID: 0}
  m_EnableWetMix: 0
  m_Bypass: 0
